4184 5904
441 363 516 482 54

411 580 415 599 ³
439 558 549 665 typis
586 543 892 658 descripsrmns.
922 551 1011 634 Nec
1040 546 1162 634 verba
1189 540 1314 628 solirm
1344 594 1359 642 ‚
1389 559 1438 634 vt
1465 546 1578 630 aiunt
1608 546 1655 658 u)
1690 549 1844 657 neda,
1881 547 1951 642 sed
1981 602 1987 617 .

438 672 662 757 litterarum
693 666 896 777 figuram,
925 664 1190 772 compendia,
1222 658 1342 744 nexris
1369 711 1385 759 ,
1413 665 1570 771 apices,
1605 666 1763 781 ipsaque
1795 680 1952 763 etjam,

436 784 679 898 qiradratarii
703 781 949 895 sphalmata,¹
971 780 1137 891 nequid
1163 779 1307 860 Lector
1324 773 1551 877 desideret,
1585 785 1834 874 minutissimi:
1856 817 1953 903 per-

312 884 317 905 ’
437 904 591 1016 sequuti
620 900 782 998 sumus,
812 905 955 1009 atique
980 894 1158 982 fideliter
1192 892 1404 982 incidenda
1435 903 1692 1013 curavimus3
1722 930 1778 990 eo'
1800 907 1954 993 videli-

439 1039 505 1112 cet
529 1013 692 1107 confilio
717 1033 764 1109 ut
790 1012 940 1130 fingula
965 1014 1190 1130 speciminis
1218 1008 1335 1099 instar
1360 1005 1435 1099 esse
1468 1013 1637 1124 possint.
1668 1021 1734 1109 En
1766 1019 1858 1110 illa.

558 1377 688 1461 Nrnrn
717 1371 804 1471 est,
829 1370 880 1457 ne
906 1377 946 1457 in
976 1375 1115 1458 erratis
1139 1363 1332 1482 quidem,
1356 1363 1407 1451 de
1433 1392 1517 1480 quo
1542 1371 1687 1457 tenor
1705 1372 1957 1463 ·addubitet.'

439 1490 617 1576 Miretur
655 1485 859 1573 nobiscum
891 1493 1052 1599 potius,
1088 1514 1180 1573 cum
1211 1483 1403 1570 Merenda
1424 1491 1566 1595 (inter
1598 1486 1672 1572 alia
1705 1517 1786 1601 quae
1821 1499 1956 1578 minu·

440 1607 610 1693 tioribus
638 1603 789 1689 scatent
818 1603 1080 1719 sphalmatis)
1105 1606 1276 1715 Agnetis
1306 1601 1560 1714 Epigramma
1603 1600 1775 1690 secundo
1808 1609 1830 1694 ὲ
1872 1641 1953 1695 no·

436 1726 496 1810 bis
524 1721 613 1810 loco
645 1720 812 1806 relatum
831 1780 846 1826 ,
858 1723 989 1841 semel
1010 1744 1132 1835 atque
1155 1725 1303 1809 iterum
1327 1745 1413 1810 cum
1437 1721 1639 1834 archetypo
1665 1730 1812 1813 contuli
1842 1749 1952 1814 eat-

438 1870 516 1954 que
538 1844 778 1927 emendatum
807 1837 945 1956 drdt’ffl·
975 1843 1145 1924 affirmet
1173 1833 1242 1950 (a)
1270 1863 1282 1919 :
1312 1834 1482 1949 plurima
1508 1839 1626 1923 etiam
1657 1867 1749 1923 num
1781 1851 1821 1926 in
1863 1839 1952 1954 ipso

437 1956 602 2041 aliorum
640 1961 742 2040 curis
770 1952 1279 2067 emendanda-reliquiise3
1310 1982 1441 2065 neque
1471 1961 1553 2040 eius
1581 1956 1737 2067 generis
1771 1985 1856 2071 qua
1892 1953 1956 2041 fa·

436 2072 519 2157 cili:
548 2074 586 2153 in
619 2075 941 2186 Typographum
970 2070 1079 2154 reiici
1115 2068 1293 2178 possint.
1327 2072 1424 2156 Bina
1450 2070 1564 2156 nobis
1598 2072 1712 2170 luca,
1742 2075 1792 2159 ne
1819 2073 1944 2187 gratis

436 2185 479 2273 id
514 2181 705 2272 asseruisse
734 2188 973 2285 videamur,
1002 2184 1129 2273 fistere
1148 2180 1297 2295 placuit
1328 2214 1419 2269 cum
1446 2191 1681 2298 apographo
1700 2191 1832 2276 nostro
1850 2218 1947 2273 con-

434 2299 595 2391 ferenda
613 2303 708 2416 (b).
744 2304 897 2386 Verum
918 2302 994 2384 hoc
1017 2329 1099 2385 non
1126 2300 1229 2384 tanti
1257 2298 1341 2385 est.
1375 2304 1439 2386 De
1460 2332 1511 2387 eo
1528 2305 1790 2412 opportunius
1808 2310 1951 2391 Lesto-

434 2448 519 2506 rem
543 2416 837 2502 admonendum
856 2435 1067 2527 putamus,
1096 2415 1222 2497 trium
1252 2420 1427 2522 priorum
1442 2423 1525 2501 eius
1550 2423 1840 2525 epigrammatis
1861 2447 1952 2507 ver-

433 2535 551 2622 suum
580 2533 723 2633 initia3
752 2558 825 2616 nec
848 2560 929 2617 non
947 2529 1206 2641 posteriorem
1235 2551 1387 2639 partem
1403 2531 1604 2616 Carminis
1630 2537 1678 2617 dr
1693 2536 1845 2622 suariis
1864 2543 1955 2622 Pro⁴

433 2676 475 2745 ro
490 2650 543 2749 &⁴
565 2648 809 2760 Hyacinthe,
840 2652 990 2735 recenti
1008 2674 1128 2732 manu
1145 2697 1159 2743 2
1175 2671 1264 2728 cum
1293 2647 1335 2725 in
1361 2647 1607 2756 autographo
1639 2647 1814 2737 deessent
1829 2705 1843 2750 2
1860 2650 1955 2760 sup-

434 2767 542 2880 pleta
570 2760 716 2874 suisse3
746 2795 863 2880 quam
902 2765 956 2850 ob
984 2763 1136 2849 causam
1167 2764 1321 2871 punitis
1350 2792 1396 2847 ea
1422 2760 1558 2869 potiris
1585 2760 1811 2851 adumbrari
1840 2766 1960 2875 quim

436 2884 552 2970 lineis
582 2883 752 2989 exprimi
782 2886 1007 2960 curavimus
1034 2876 1122 2979 (c).

433 3067 436 3076 .
557 2990 663 3074 Illud
694 2989 886 3083 hocloco
920 2981 1108 3070 dubitare
1148 2987 1238 3094 quis
1264 2981 1377 3091 poflit
1405 3041 1420 3088 ,
1449 3012 1538 3069 cum
1566 2986 1717 3072 constet
1752 2989 1955 3103 Vigilium

435 3117 587 3223 Papam
605 3099 868 3217 sesquisaeculo
896 3106 920 3187 ai
951 3119 1078 3186 morte
1096 3099 1253 3186 Damasr
1279 3101 1410 3187 diruta
1438 3109 1478 3186 in
1497 3103 1605 3191 Vrbe
1635 3105 1822 3191 acothts
1840 3107 1960 3192 Mar-

435 3223 772 3341 tyrum'sepulcra
805 3211 1036 3321 reuovdsse,
1063 3218 1171 3334 quod
1202 3245 1273 3306 nos
1303 3241 1413 3308 vetus
1439 3217 1557 3333 ipsius
1575 3219 1715 3336 Vigilii
1745 3226 1948 3337 epigrcim·

1876 3369 1942 3425 ma

483 3554 505 3637 (
518 3559 566 3641 u)
591 3551 745 3623 Merenda
771 3553 811 3624 de
833 3549 961 3622 Damasi
986 3545 1164 3619 carminib.
1223 3556 1251 3633 ,'‚
1277 3557 1349 3621 Tum
1360 3556 1462 3635 statim
1485 3557 1600 3636 legitur
1624 3547 1679 3628 (in
1703 3547 1856 3620 Vaticano
1883 3548 1957 3619 col

439 3645 534 3716 211.
560 3669 591 3713 ῃ,
613 3648 801 3732 X111,p23.
829 3671 901 3728 ¹43·
926 3649 1084 3720 Carmen,
1115 3640 1163 3704 in·
1221 3683 1248 3719 „
1272 3640 1363 3723 dice)
1388 3648 1511 3708 Carmen
1534 3650 1634 3711 Sentii
1658 3647 1780 3726 Damnst
1802 3648 1838 3711 iis
1857 3643 1955 3725 ferme

436 3735 531 3822 quit,
554 3743 592 3805 de
615 3745 648 3810 S.
668 3743 789 3822 Agnete
810 3757 872 3801 eum
891 3736 1047 3815 archetypo
1068 3735 1161 3796 cella·
1217 3773 1245 3810 ‚,
1270 3735 1391 3808 aaran,
1415 3734 1523 3814 quibus
1543 3736 1638 3798 adhue
1659 3751 1746 3799 extat
1765 3736 1863 3814 lapidi
1878 3738 1960 3800 irrei-

436 3847 527 3903 runr,
550 3845 643 3909 utque
665 3829 847 3893 emendatum
876 3824 944 3889 dedi
956 3860 966 3882 ·
990 3819 1070 3885 Item
1099 3812 1165 3882 iri-r
1222 3864 1249 3899 ‚,
1264 3825 1333 3906 sam
1347 3827 1379 3888 in
1392 3825 1490 3889 eadm
1506 3822 1653 3907 Bafilicu,
1676 3828 1728 3893 vbi
1746 3825 1825 3893 illua
1849 3827 1957 3895 iterare

436 3911 536 3983 Notis
558 3915 626 3998 Peg.
651 3933 668 3979 2
674 3937 728 3998 3⁷·
757 3912 798 3980 de
819 3910 889 3978 eod.
910 3905 1162 3998 Epigrammate:
1221 3955 1249 3992 „
1269 3916 1402 3982 contuli.

480 4006 539 4089 (b)
563 4002 663 4075 Versu
685 4003 764 4078 VII.
784 3998 958 4072 Merenda:

708 4090 869 4182 Nudaque
883 4093 1019 4181 perfusos
1038 4101 1129 4165 crines
1152 4087 1191 4163 ἄν
1216 4093 1377 4161 membra.

559 4182 762 4274 Epigramma
782 4187 859 4253 verd
885 4182 1002 4260 habet,
1026 4201 1060 4248 ut
1083 4182 1241 4251 vidimus:

701 4274 863 4361 Nudaque
882 4276 1040 4360 profusum
1066 4282 1172 4345 crinem
1188 4294 1248 4362 per
1267 4274 1433 4343 membra.

558 4361 647 4432 Item
665 4364 767 4436 Versu
789 4361 905 4434 vltimu
928 4360 1104 4431 Merenda:

675 4529 677 4534 ,
706 4497 854 4521 .....
876 4452 997 4522 Faveas
1017 4475 1128 4537 precor
1152 4451 1271 4545 inclyta
1289 4464 1390 4544 Virgo
1403 4499 1416 4521 0

560 4542 650 4613 Cum
676 4541 709 4611 in
730 4543 959 4631 Epigrammate
983 4545 1119 4632 legatur:
1134 4542 1251 4637 inclyta
1274 4553 1430 4635 Martyr-
1519 4550 1522 4555 ’

481 4640 543 4716 (r)
566 4634 624 4703 ct.
640 4635 748 4704 Ioann.
760 4634 982 4722 Marangoniua
997 4638 1172 4724 aquodg·
1232 4636 1333 4706 eundo
1351 4639 1427 4706 verd
1447 4655 1565 4702 acuere
1584 4657 1644 4720 pro
1665 4656 1802 4724 runnu,
1817 4654 1851 4710 rt
1866 4632 1910 4704 est
1924 4633 1956 4704 in

439 4722 751 4882 nerisepiglramma,
770 4751 849 4793 anno
867 4747 1083 4794 truccxxvrn.
1110 4725 1172 4811 pri·
1231 4728 1433 4818 archetypo.
1471 4726 1592 4796 Carere
1634 4730 1801 4817 erastus.
1840 4729 1956 4801 Vides

440 4816 495 4881 md
511 4817 581 4882 dete
618 4841 668 4886 um
689 4814 775 4884 fuisse
795 4815 932 4897 dieitur,
953 4818 1061 4901 paulld
1083 4818 1171 4885 aliter
1230 4830 1264 4894 S.
1279 4827 1433 4891 Virronis
1455 4826 1534 4889 Aea
1552 4823 1593 4885 ab
1609 4826 1706 4892 eadem
1729 4828 1898 4907 illustrata,
1922 4817 1956 4882 in

356 4982 359 4987 g
406 4942 418 4959 -.
440 4904 684 4994 versuum-iniria
698 4907 841 4977 restituit.
854 4906 1052 4974 Habetenim
1066 4907 1096 4975 in
1109 4907 1173 4994 pri·
1230 4909 1418 5001 Appendice
1449 4912 1499 4974 De
1528 4914 1728 4999 Aarograpuo
1753 4914 1953 4998 inscriptionis

440 5013 508 5064 mo:
526 5017 623 5061 rana
648 5020 816 5081 ωηατ,
835 4998 918 5088 quod
935 5020 991 5066 nec
1014 4998 1172 5087 orthogra·
1229 5012 1264 5088 S.
1286 5005 1424 5091 Damnst·
1446 5007 1551 5080 Roma
1568 5025 1667 5089 1740·
1679 5007 1757 5092 Pag-
1776 5009 1854 5087 1138-

439 5082 543 5169 Mitt,
566 5109 670 5178 neque
687 5090 783 5173 metri
808 5088 889 5179 ratio
911 5090 1049 5179 paritura
1072 5089 1104 5159 iu
1127 5085 1172 5173 sta
1848 5086 1851 5091 ’
