4184 5904
163 507 484 630 eanipresertrm
498 510 708 605 Alonensls
739 510 831 715 (ap,
862 504 1442 615 Marchiouislloudexarensls
1469 507 1567 626 (b),
1593 510 1675 591 im·
2027 555 2032 567 =

166 661 236 723 nro
254 660 386 748 neque
416 629 763 745 superstitumsme
804 629 907 718 aude
929 631 1189 747 preteriens,
1221 651 1265 716 vt
1294 623 1673 718 vehementissimum

168 753 325 837 Summi
354 748 447 834 Viri
473 758 579 862 'erga
610 746 763 834 litteras
806 747 1099 863 Litterato'sque
1139 745 1355 848 studium,
1403 767 1489 831 rum
1519 766 1672 825 memo-

164 870 334 954 riamin
359 892 404 952 ea
430 882 542 952 etate
561 864 899 954 retinentilsrmam
925 865 1167 953 demirarer.
1203 869 1295 951 Haec
1311 873 1444 950 autem
1475 876 1516 947 vt
1535 850 1672 970 paullo

168 983 288 1070 latius
326 981 443 1094 quim
471 1006 545 1094 pro
571 979 750 1071 instituto
784 981 1044 1100 persequerer
1073 1001 1155 1071 tam
1182 982 1263 1066 cari
1292 983 1390 1066 mihi
1423 977 1564 1090 capitis
1597 970 1672 1056 de-

168 1101 355 1191 siderium
383 1097 518 1199 fecit,
562 1117 649 1185 tum
685 1128 827 1187 eorum
858 1128 944 1214 quae
974 1097 1281 1216 ipsiusmortem
1308 1099 1552 1211 consequuta
1581 1085 1672 1172 sunt

170 1213 397 1302 recordatio
423 1219 632 1328 peracerba
657 1277 668 1300 .
699 1216 818 1306 Pauci
840 1225 997 1307 etenim
1021 1221 1078 1305 ab
1103 1246 1148 1304 ea
1173 1211 1402 1313 effluxerant
1423 1213 1545 1308 dies,
1576 1228 1670 1289 cum
1725 1229 1727 1231 ’

168 1331 298 1448 primo
331 1352 376 1421 vt
405 1327 585 1423 affesium
604 1360 703 1444 opus
731 1331 922 1449 tantisper
948 1341 1285 1432 intermitterem,
1314 1358 1410 1417 mox
1438 1317 1672 1416 vteiusdem

167 1447 407 1565 perficiendi
449 1447 556 1562 spem
587 1450 708 1562 plane
735 1480 892 1541 omnem
920 1454 1162 1568 deponerem
1196 1447 1450 1536 tristissimum
1488 1442 1672 1527 nuntium

167 1573 309 1678 accepi
328 1627 338 1648 .
370 1564 559 1653 Vulneris
573 1562 699 1673 causas
716 1566 898 1658 refricare
922 1563 1234 1658 molestissimum
1252 1558 1368 1669 effer,
1398 1567 1467 1655 nisr
1486 1566 1555 1653 sub
1573 1559 1675 1646 Exi·

166 1692 256 1779 mio
279 1718 325 1777 ac
351 1689 447 1778 vere
474 1694 771 1794 mavmmedrq
792 1695 892 1781 S.R.
910 1697 955 1782 F„
970 1689 1176 1781 Cardinali
1202 1695 1420 1780 Dominico
1450 1689 1677 1790 Passioneo,

167 1811 364 1922 quintin
389 1809 632 1924 amplissimo
655 1812 947 1900 bibliothecarii
974 1809 1198 1923 Apostolici
1221 1834 1382 1894 munere
1397 1811 1572 1926 Qirino
1590 1801 1678 1890 suc-

168 1925 331 2011 cederet
351 1938 458 2011 ‘vnus
487 1931 665 2016 omnium
683 1932 838 2015 Summi
863 1960 907 2017 ac
934 1925 1235 2018 Prudentillimi
1261 1926 1472 2012 Pontificis
1502 1922 1673 2006 BENE-

99 2073 108 2080 ·
163 2040 330 2127 DICTI
359 2042 479 2130 XIV.
507 2045 659 2133 iudicio
687 2039 969 2159 comprobatus
994 2039 1238 2157 idoneusque
1261 2042 1416 2129 habitus
1438 2042 1520 2143 est,
1553 2063 1668 2121 non-a

160 2154 335 2246 obscura
352 2154 471 2247 nobis
494 2157 581 2274 spes
608 2163 814 2278 affulgeret
835 2160 921 2250 fore
950 2163 1113 2253 tandem
1140 2180 1185 2254 vt
1207 2151 1466 2249 intermissum
1484 2184 1584 2273 opus
1605 2157 1673 2268 ἱρὴ

161 2270 242 2362 sius
269 2268 451 2394 auspiciis
472 2278 731 2365 absolvatur.
1090 2377 1092 2380 ⁴

272 2393 401 2474 Nova
419 2390 570 2480 exinde
588 2392 780 2485 molienti
814 2403 914 2489 mihi
944 2397 1148 2515 sacrasque
1169 2400 1290 2487 Vrbis
1313 2396 1414 2485 ades
1443 2451 1459 2500 ,
1488 2398 1540 2482 n‘e
1563 2400 1674 2520 inte·
1718 2400 1727 2423 ⁵

160 2533 234 2593 rea
249 2505 487 2594 domesticus
503 2517 985 2628 otiarer,·pomendianis
1009 2519 1120 2602 horis
1137 2513 1358 2611 invisenti,
1386 2517 1549 2599 obuiam
1577 2508 1672 2594 abr·

165 2629 229 2709 vis
255 2620 661 2728 bebant‘sepulcralia
683 2631 903 2709 illustrium
922 2627 1136 2735 Hispanici
1165 2631 1336 2710 nominis
1369 2629 1556 2710 Virorum
1586 2623 1673 2731 epi·

167 2755 392 2849 grammata
415 2739 527 2840 ,qui
553 2732 652 2861 dum
670 2743 717 2817 'in
741 2738 856 2825 'Vrbe
877 2739 1042 2846 publica
1068 2756 1138 2824 aut
1166 2745 1325 2846 priuata
1355 2741 1514 2846 negotia
1540 2733 1673 2850 perse·

162 2866 379 2962 ⁴quuntur,
410 2865 539 2931 morte
566 2854 781 2961 intercepti
808 2853 936 2934 carnis
973 2852 1136 2959 exuvias
1160 2855 1374 2948 Diuorum
1391 2855 1674 2942 Tutelariuma

165 2972 243 3052 aris
273 2967 312 3046 in
341 2960 446 3048 diem
480 2965 768 3048 immutationis
797 2959 871 3049 sue
895 2959 1246 3051 concrediderant.
1278 2967 1437 3052 Horum
1467 2997 1545 3082 ego
1572 2969 1675 3068 ,dum

167 3074 434 3167 describendis
457 3079 598 3193 elogiis
623 3131 638 3178 ,
666 3077 954 3187 adumbraodis
974 3096 1275 3196 neutrumque
1303 3083 1529 3172 Gentilitiis
1556 3085 1675 3172 stent·
1800 3076 1855 3189 *s

165 3207 309 3298 matis,
334 3198 410 3310 qui
436 3223 546 3283 meus
570 3198 625 3282 e'st
649 3224 758 3301 mos,
785 3225 872 3284 non
898 3113 1165 3309 indiligenter
1183 3201 1406 3307 incumbor
1431 3200 1574 3290 sensim
1601 3229 1674 3292 en·
1818 3192 1826 3247 ¹⁴

176 3317 391 3403 chiridium
424 3319 465 3400 in
484 3311 638 3401 molem
665 3317 755 3402 iulii
776 3315 993 3409 voluminis
1015 3310 1210 3429 assurgit,
1233 3322 1307 3404 uix
1330 3317 1451 3406 tertii
1469 3322 1677 3424 sacrarum

172 3436 293 3520 Vrbis
320 3437 462 3521 adium
490 3453 609 3542 parte
631 3432 896 3547 perlustrati.
1525 3451 1528 3455 ’

289 3556 383 3637 Hoc
419 3551 518 3635 mihi
544 3545 717 3661 primirm
745 3553 786 3633 in
817 3544 935 3665 causi
961 3546 1075 3653 suit,
1106 3574 1179 3634 cur
1203 3545 1471 3665 Hispanorum
1501 3556 1541 3636 in
1571 3553 1678 3639 Vrb'e

165 3687 431 3756 ‘monumenta
452 3663 590 3778 ‘paullo
616 3666 732 3782 quim
762 3682 880 3751 antea
907 3660 1145 3778 diligentius
1167 3664 1449 3781 inquirerem,
1477 3670 1598 3756 aede
1630 3671 1654 3692 '‘

168 3814 258 3903 quae
283 3783 405 3898 usque
422 3781 665 3898 superessent
690 3786 876 3871 omnibus
899 3788 940 3867 in
962 3813 1092 3901 unum
1125 3782 1359 3896 colligendis
1379 3786 1482 3874 serio
1511 3697 1671 3875 mecrdlr

168 3911 387 4017 cogitarem
420 3966 431 3988 .
461 3904 675 4015 Sperabam
704 3895 969 3986 etenimsore
993 3922 1047 3990 vt
1065 3898 1279 4012 Hispanico
1308 3913 1529 3992 recentium
1555 3904 1676 3992 saccu-

169 4022 301 4110 lorum
321 4019 495 4106 Historia
510 4047 589 4104 non
607 4014 709 4104 nihil
722 4015 817 4103 inde
843 4035 1004 4125 caperet
1027 4015 1276 4119 adiumenti,
1307 4021 1335 4101 sr
1360 4021 1577 4111 illustrium
1594 4051 1675 4111 no-

172 4139 254 4224 ilrae
267 4139 414 4222 Gentis
429 4141 626 4224 Virorum
649 4132 767 4224 series
794 4133 847 4219 ob
877 4130 1143 4220 Eruditornm
1166 4133 1330 4234 oculos,
1361 4141 1481 4223 vnico
1505 4143 1676 4246 lustrare«.

166 4255 224 4342 =da
251 4259 401 4342 obtutu
427 4275 748 4364 proponeretur..
778 4252 828 4338 Id
854 4275 981 4366 porro
1008 4269 1056 4337 vt
1083 4253 1258 4340 uberiori
1279 4283 1371 4340 curn
1394 4249 1526 4345 studio
1545 4260 1674 4360 fieret,

166 4377 354 4505 animum
380 4388 565 4487 praterea
598 4371 753 4480 adieci,
784 4388 830 4464 vt
856 4400 961 4488 quos
988 4374 1142 4486 pietate
1173 4368 1432 4494 dostrindque
1456 4375 1680 4491 praestantes
1830 4418 1849 4447 ο
1996 4398 2002 4407 ’

986 4491 1028 4573 A
1059 4512 1084 4573 2
1592 4491 1687 4581 suis·

199 4649 284 4736 sa>
312 4651 347 4720 Is
376 4649 421 4720 est
440 4649 494 4721 ΕΙ.
518 4657 612 4720 Enim·
633 4655 790 4724 Martinus
809 4646 897 4720 cuius
954 4645 1023 4717 stite
1041 4649 1149 4747 lucerq
1168 4649 1345 4736 viderant,
1379 4675 1476 4741 nuper
1505 4647 1678 4744 prodictu

57 4782 64 4789 ·
175 4769 288 4821 nomen
311 4743 455 4833 editaque
475 4742 592 4833 ingenii
612 4768 651 4811 aa
667 4742 815 4812 doctrine
829 4766 896 4810 mo·
1011 4751 1106 4814 taeia
1134 4751 1249 4833 ffistor·
1273 4743 1678 4834 ffispon·61·1i?oaaair

173 4855 319 4912 eramenta
334 4835 501 4905 illustriora
520 4835 588 4906 suut
606 4839 701 4926 quim
720 4854 754 4906 vr
777 4831 893 4907 alicubi
996 4845 1111 4905 ariane
1122 4842 1155 4906 S·
1166 4835 1269 4906 riu.
1284 4838 1368 4906 Itern
1386 4842 1466 4926 Opera
1484 4840 1678 4921 Cbroaologi-

176 4931 274 5003 latire
299 4931 428 5019 pollini.
951 4948 1025 4995 cura·
1038 4925 1106 4995 For.
1115 4927 1224 4995 edente
1232 4926 1388 4996 Illustriss.
1400 4928 1568 4998 Valentinae
1581 4925 1677 4995 Vrbis

223 5031 291 5113 (b)
316 5029 459 5117 Casperia
481 5022 595 5092 scilicet
616 5029 773 5094 [baama
793 5026 828 5090 lc
840 5027 895 5094 Se·
952 5013 1173 5086 Litreratorurn
1185 5033 1290 5086 coetu·
1305 5019 1391 5089 Anu.
1407 5014 1677 5093 MDCCXLIV·

164 5123 289 5211 fiir,
313 5127 401 5204 errius
421 5123 491 5217 post
505 5124 600 5214 multa
622 5144 688 5213 qua
707 5117 774 5212 ipso
791 5116 897 5207 super:
955 5111 991 5187 δι
1013 5108 1288 5186 Muccxtvr.
