4184 5904
273 574 838 675 Iurarmarvm

159 757 204 844 Si
232 732 430 848 videbitur
457 759 566 849 Rtiio
593 755 696 843 Patri
726 753 919 871 Magistro
948 754 1057 843 Sacri
1082 755 1222 846 Palatii
1252 759 1497 876 Apostolici·'

536 941 580 1031 F.
611 941 673 1031 M.
692 942 754 1030 Dr
785 940 927 1032 Rubris
954 944 1065 1031 Patr.
1091 942 1206 1065 Const.
1237 944 1471 1066 Vr‘asperrnr
1486 952 1502 1027 ἐ

364 1269 1480 1387 APPROBATIONES.

280 1487 446 1563 Andante
472 1483 774 1567 Reverendllrmo
800 1486 908 1561 Patre
931 1489 1013 1563 Sac,
1033 1484 1162 1560 Palatii
1188 1486 1397 1587 apostolici
1421 1486 1597 1588 Magistro
1623 1494 1681 1564 αι’

303 1606 400 1665 tentc
436 1589 507 1686 legi
532 1589 694 1677 librum,
720 1591 777 1664 cui
805 1589 941 1665 titulus
964 1588 1045 1664 csta
1067 1591 1145 1668 Sd·
1170 1591 1350 1693 Damasus
1375 1589 1423 1674 ὰ
1449 1591 1682 1671 Laurentiue-

164 1693 344 1794 Hispnnir
365 1683 488 1794 offerri
513 1689 560 1773 d·
587 1694 790 1769 viaticati:
820 1691 979 1769 Auctore
1005 1687 1193 1789 francisco
1217 1694 1370 1774 Pcrczio
1390 1694 1681 1772 dommarti-

165 1792 321 1894 noncnfir
337 1790 489 1891 Ecclefiae
505 1794 676 1870 Canania·
686 1845 699 1882 ,
725 1796 765 1868 in
791 1791 1037 1892 Vniuerfitote
1054 1789 1329 1894 Salmanticenfi
1339 1845 1354 1881 ,
1378 1793 1457 1872 olim
1471 1797 1579 1875 Sacc.
1594 1794 1682 1870 Lin-

158 1919 317 1997 gaarum
342 1884 578 1995 Profcffore3
604 1917 714 1990 neqre
741 1896 781 1970 in
805 1919 851 1970 eo
882 1893 1083 1993 quidquam
1112 1918 1134 1966 a
1162 1917 1220 1967 me
1249 1911 1439 1993 repertam
1474 1893 1550 1983 est,
1575 1893 1681 1992 quod

165 1991 296 2070 fandria
323 1990 486 2069 Ecclesiae
511 1992 761 2093 dogmatiaus,
786 2013 851 2073 aira
875 2018 1023 2073 morum
1050 1994 1194 2090 regulis
1223 1997 1498 2094 quammaxime
1528 1994 1677 2072 consen·

165 2114 310 2171 rancum
334 2096 494 2171 nonsit.
517 2097 964 2198 Contraverolrogulari
989 2093 1181 2183 dnfirina,
1210 2097 1246 2173 &
1274 2095 1482 2172 eruditione
1511 2119 1532 2169 a
1561 2093 1681 2196 capite

165 2198 212 2272 ad
233 2199 371 2274 calcem
399 2195 576 2272 refertum
608 2198 853 2300 deprehendi.
875 2200 971 2273 Cum
998 2197 1093 2271 enim
1120 2199 1179 2274 Cl.
1203 2195 1350 2273 ructor
1375 2223 1450 2272 non
1477 2194 1682 2274 cavillandi

167 2315 230 2373 aur
254 2322 475 2397 quemquam
501 2301 686 2377 laceffenli
713 2304 886 2404 pruritu,
914 2300 973 2374 sed
999 2297 1118 2373 studio
1149 2298 1345 2387 veritatis,
1372 2301 1408 2376 &
1432 2297 1678 2375 honestillrmo

166 2402 296 2475 Patriae
323 2423 449 2476 amore
477 2400 643 2478 incensus
662 2407 762 2479 hune
792 2405 958 2481 laborem
991 2401 1220 2498 susceperit,
1240 2417 1283 2475 vt
1309 2403 1368 2477 SS.
1391 2400 1614 2488 Damasum,
1641 2400 1680 2477 8(

165 2502 403 2576 laurentium
431 2553 444 2590 ,
468 2527 566 2600 quos
594 2508 718 2607 nuperi
743 2506 892 2604 quidam
920 2503 1042 2600 magni
1069 2501 1227 2577 nominis
1258 2501 1466 2600 Scriptores
1494 2498 1681 2600 Hispaniae

167 2606 236 2676 lue
263 2605 406 2699 eripere
439 2605 563 2677 conati
592 2608 686 2693 sunt,
717 2608 817 2701 quali
846 2601 1053 2703 postliminii
1091 2601 1169 2672 iure
1199 2603 1234 2671 in
1266 2600 1423 2698 patriam
1451 2614 1679 2692 revocaret3

167 2702 215 2777 fic
247 2718 375 2775 contra
402 2724 540 2774 novam
566 2704 657 2777 hanc
681 2704 890 2801 opinionem
923 2702 1104 2801 disputat,
1131 2713 1173 2774 vt
1200 2702 1235 2776 8(
1262 2723 1400 2796 magno
1434 2700 1568 2799 ingenii
1596 2722 1688 2795 acu·¹

164 2803 286 2887 mine,
312 2805 347 2877 8(
374 2800 508 2875 eximia
526 2804 741 2877 venerandae
767 2803 994 2899 antiquitatis
1022 2801 1235 2895 cognitione
1264 2800 1297 2874 se
1324 2802 1468 2897 pollere
1498 2799 1678 2878 ostendat.

163 2902 292 3000 ltaque
317 2904 413 2977 hunc
444 2900 613 2992 librum,
640 2927 743 3005 quem
774 2929 848 2979 non
862 2899 1028 2999 Hispanis
1057 2897 1170 2974 modo
1196 2899 1290 2986 suis,
1317 2900 1377 2975 sed
1402 2904 1572 2977 omnibus
1601 2903 1680 2974 ele.

162 3004 376 3101 gantiorum
402 3002 619 3089 literarum,
645 3031 685 3081 ac
701 2999 1170 3104 ,prasertimEcclesraslicae
1197 3001 1416 3078 eruditionis
1445 3002 1676 3080 amatoribus

163 3104 399 3205 gratiffimtrm
429 3101 511 3177 fore
540 3129 725 3202 auguror,
753 3104 899 3205 publica
923 3107 1008 3179 luce.
1030 3101 1269 3200 dignillrmum
1293 3102 1449 3178 censeo.

263 3207 387 3279 Romae
411 3228 457 3276 ex
476 3205 691 3283 Monasterio
713 3210 769 3283 SS.
787 3206 945 3282 Andrea
969 3209 1005 3282 8(
1021 3203 1194 3302 Gregorii
1224 3202 1269 3279 ad
1294 3205 1582 3284 clivumscauri
1607 3205 1682 3284 ldi-

163 3307 233 3383 b‘us
257 3307 341 3382 Maii
366 3331 540 3383 uocccvr.

833 3409 896 3486 Ὦ.
922 3410 1084 3486 Mauras
1114 3405 1223 3483 Sarra·
1250 3402 1393 3484 ‹Abbar
1420 3411 1587 3491 Camala.

240 3792 278 3862 St
303 3812 370 3862 cur
396 3786 565 3887 Hispanis
596 3786 848 3884 maximopere
872 3787 1063 3882 gratuler,
1090 3786 1192 3886 quod
1219 3783 1485 3865 Ferdinandum
1517 3789 1686 3868 Catholi-

266 3913 347 3965 cum
375 3891 510 3985 Regem
539 3886 574 3959 id
606 3910 700 3960 nune
730 3892 863 3960 lamma
890 3885 952 3960 sua
987 3912 1107 3974 cura,
1134 3889 1355 3986 diligentia,
1381 3888 1598 3963 liberalitate
1626 3896 1684 3966 vi.

165 3992 269 4062 deam
295 3990 364 4063 elle
391 3989 678 4087 consequutum,
704 3987 806 4087 quod
835 4012 916 4062 curn
943 3989 1032 4062 olim
1060 3986 1143 4062 fieri
1167 3988 1267 4087 apud
1298 3987 1412 4063 Italos
1441 3990 1487 4061 ab
1515 3993 1684 4088 Augusto

166 4089 355 4190 coepisset,
377 4089 491 4166 caussa
516 4107 615 4165 certe
633 4086 723 4177 luit,
750 4090 992 4186 quamobrem
1020 4087 1130 4163 ostro
1157 4086 1319 4187 quodam
1349 4090 1510 4186 percitus
1535 4090 1572 4165 in
1591 4097 1690 4171 hune

162 4190 315 4269 modurn
339 4192 518 4266 Horatius
538 4207 705 4265 caneret:
733 4190 796 4266 lib.
821 4215 874 4267 ιν.
891 4190 1017 4266 Carra..
1037 4189 1119 4267 Ode
1145 4214 1213 4270 xv.
1237 4213 1280 4295 ε’,
1302 4212 1354 4268 ru,
1370 4187 1482 4292 seqq.
1585 4279 1590 4289 Ι

566 4345 579 4367 .
604 4346 617 4366 .
638 4309 781 4367 vererer
808 4294 995 4369 revocarit
1021 4293 1160 4371 arten:

362 4394 453 4470 ⁶Pcr
479 4416 572 4492 quar
599 4392 767 4470 Latinam
793 4416 937 4477 armen,
964 4392 1010 4474 ὠ
1040 4391 1137 4469 Itale

361 4496 528 4572 Crevere
553 4495 679 4586 virm
699 4493 874 4593 famaque
900 4494 946 4576 (θ’
973 4492 1104 4598 impert

363 4593 548 4671 Porrella
574 4593 736 4696 nrojestor
762 4595 812 4668 ad
840 4610 956 4670 artam

468 4693 562 4771 noas
588 4696 634 4768 nb
660 4694 834 4798 Hesperio
861 4694 998 4770 rabili.

163 4798 289 4893 Qum
313 4795 408 4867 enim
436 4794 633 4893 plerosque
654 4795 689 4866 in
705 4795 919 4892 amplissimo
948 4820 1064 4893 regno
1088 4797 1373 4897 splendidiffimis
1404 4800 1559 4898 ingeniis
1592 4828 1687 4903 prae.

165 4899 290 4979 dicon,
316 4893 656 4994 llud-infillrmol'que
682 4896 902 4994 optimarum
938 4922 1059 4974 rerum
1088 4900 1157 4974 elle
1187 4903 1456 4998 perspexillct,
1483 4905 1548 5000 qui
1579 4923 1618 4978 ut
1644 4906 1690 4977 li·

160 4997 302 5073 beralcs
329 4999 492 5105 quasque
524 5014 627 5107 atter
640 5047 655 5110 l
679 5020 721 5080 ac
745 4996 972 5108 disciplinas,
995 4998 1183 5097 musasque
1206 5002 1452 5100 elegantiores
1478 5005 1605 5110 patriae
1630 5029 1688 5119 re·
1814 5044 1817 5049 ·

962 5104 971 5111 ”
1052 5102 1129 5203 b3
1627 5105 1693 5183 stt.
