4184 5904
467 344 534 455 32

461 532 594 643 prime
632 536 672 616 in
704 526 935 641 Hispaniam
969 522 1198 619 concessisse
1225 548 1250 623 ς
1270 524 1469 641 ductique
1499 521 1648 611 ibidem
1679 547 1798 612 exose
1827 552 1872 611 ue
1905 526 1973 611 lu·

456 644 596 759 scepsis
621 653 661 731 in
697 672 741 731 ea
769 652 933 758 regione
962 642 1094 730 liberis
1127 644 1296 727 Romam
1328 641 1461 731 denuo
1490 670 1582 727 cunr
1616 640 1673 724 his
1707 640 1978 754 impedimen·

455 768 506 854 sis
538 756 748 878 regrelsunr
774 752 920 862 fuisse,
963 756 1230 847 Ecclesiastico
1269 756 1419 846 scilicet
1454 756 1588 845 ordini
1620 760 1662 840 in
1687 755 1974 866 Exceptoratus

455 878 592 965 officio
620 880 799 992 protinus
815 874 1139 979 adscribendum,
1162 874 1495 992 Lelioretrisque,
1526 873 1728 962 Levitasns
1750 874 1976 984 &Presby-

457 998 550 1085 terii
580 997 791 1080 honoribus
818 995 931 1078 breui
959 991 1169 1081 intervallo
1198 1000 1385 1105 temporis
1414 990 1724 1080 lrouellandusn.

577 1116 719 1224 Neque
747 1109 809 1195 hic
839 1106 1009 1195 consistit
1040 1108 1264 1212 Merenda,
1298 1107 1364 1195 led
1395 1106 1562 1222 expensi
1589 1130 1817 1218 temporum
1846 1113 1971 1196 ratio·

454 1260 537 1331 ne,
568 1234 753 1314 itinerum
782 1224 1045 1332 difficultate,
1075 1224 1331 1313 Ecclefiastict
1358 1222 1465 1312 illius
1499 1229 1572 1312 aeri
1600 1220 1807 1336 disciplina
1835 1286 1850 1329 ,
1881 1224 1971 1313 sub·

457 1346 584 1434 duciis
610 1345 787 1457 denique
819 1343 1039 1428 rationibus
1076 1342 1160 1429 aliis
1192 1341 1480 1456 impeditissima
1517 1344 1649 1430 omnia
1674 1339 1853 1455 caecisque
1889 1349 1972 1429 ria·

456 1470 545 1551 rum
568 1460 801 1548 anfredibus
831 1457 951 1569 plene
980 1453 1054 1546 effe
1093 1465 1366 1572 pronuntiat.
1412 1460 1566 1577 Agebat
1602 1468 1739 1572 itaque
1778 1459 1972 1578 Damasus

456 1579 614 1689 (serbe
637 1575 749 1688 ipsius
778 1577 870 1661 sunt
899 1578 996 1692 (a)
1025 1605 1109 1667 cum
1135 1575 1303 1667 leileris
1327 1605 1460 1667 munus
1490 1577 1694 1668 exercebat
1719 1604 1860 1664 aunum
1875 1575 1974 1693 stri·

457 1719 534 1787 tem
560 1697 938 1782 decimumtertium
968 1720 1042 1779 :::
1067 1725 1113 1786 ac
1138 1698 1300 1782 Romam
1336 1723 1422 1785 eum
1437 1711 1561 1812 patre
1601 1692 1656 1791 (tr
1678 1715 1805 1786 matre
1835 1688 1970 1808 neniffl

328 1860 331 1865 ·
454 1814 588 1903 debuit
613 1813 866 1925 quadriennis
898 1833 970 1899 aut
993 1817 1255 1924 quinquennis
1283 1814 1415 1928 insons
1444 1870 1454 1891 ·
1485 1814 1562 1899 Fae
1587 1817 1717 1927 igitur
1742 1812 1793 1898 ed
1810 1814 1972 1901 illumi

460 1952 581 2019 etate
602 1949 713 2016 tauto
740 1933 880 2016 itineri
894 1927 1062 2043 serendo
1090 1932 1294 2021 idoneum:
1325 1956 1379 2016 un
1406 1929 1495 2015 uere*
1515 1933 1705 2017 Antonius
1725 1948 1877 2043 puter,
1904 1953 1973 2013 na·

460 2076 533 2133 uus
544 2044 705 2160 prorsam
730 2044 953 2159 igmtusque
979 2046 1085 2130 bomo
1107 2073 1237 2134 nomen
1264 2043 1428 2156 liselcste
1452 2039 1590 2160 dedise
1607 2051 1745 2161 potuit
1753 2043 1897 2160 statim
1925 2068 1971 2128 ac

457 2166 618 2247 Romam
640 2169 775 2261 uenit,
809 2158 1016 2276 lablorque
1038 2170 1119 2249 eius
1142 2161 1312 2279 basilica·
1331 2184 1485 2252 creatus
1509 2160 1560 2277 est
1583 2163 1598 2243 2
1633 2166 1675 2249 ld
1695 2183 1783 2250 erat
1801 2155 1969 2277 prascbid

459 2278 512 2363 ab
540 2306 670 2364 eorum
692 2301 904 2393 temporum
927 2280 1136 2393 disciplina
1163 2283 1358 2368 alienum:
1391 2306 1483 2366 nam
1496 2279 1627 2390 primi
1652 2281 1855 2392 baptizari
1880 2329 1895 2376 ,
1924 2303 1970 2362 ae

459 2397 602 2481 deinde
627 2400 758 2507 aliquo
786 2401 967 2511 temporis
990 2396 1198 2482 interuallo
1225 2394 1391 2507 probari
1419 2393 1592 2495 debuit,
1636 2422 1690 2481 an
1714 2396 1856 2509 dignus
1879 2389 1968 2507 eset

456 2520 531 2624 qui
566 2514 672 2597 Clere
698 2512 1012 2626 adscriberetur·
1044 2509 1229 2626 Postremi
1254 2517 1299 2620 in
1324 2515 1517 2598 minorum
1542 2516 1722 2599 ordinum
1751 2509 1972 2599 exercendis

462 2624 627 2739 officiis,
655 2651 726 2716 aut
766 2634 1024 2723 novennium,
1052 2645 1125 2715 aut
1137 2622 1392 2741 septennium
1410 2627 1560 2743 stoicem
1588 2627 1779 2741 insumere
1804 2626 1969 2721 debuit3

465 2770 541 2854 que
557 2743 680 2859 elapso
705 2758 876 2859 tempore
883 2742 934 2859 st
939 2747 1027 2855 quis
1040 2741 1089 2856 se
1114 2742 1291 2830 idoneum
1303 2738 1551 2853 probaverat·
1569 2743 1623 2823 ud
1646 2749 1802 2831 altiores
1821 2742 1974 2856 greum

470 2858 581 2941 erebi
602 2880 764 2969 poterat
792 2916 803 2934 .
833 2861 935 2936 Huic
965 2876 1095 2935 autem
1122 2860 1303 2933 novennio
1330 2848 1613 2962 outseptennla
1640 2846 1840 2962 (sstrgit)
1865 2858 1973 2966 quud

462 2977 653 3056 Antonius
669 2975 711 3051 in
726 2963 937 3051 mineribus
952 2962 1151 3053 ordinibus
1168 2959 1383 3049 exercendis
1399 2959 1575 3076 transegi
1603 2964 1769 3054 edcbuit
1783 3019 1799 3066 ,
1815 2965 1975 3082 stadios

458 3110 574 3169 annos
588 3092 760 3197 quinque
781 3082 933 3196 autsess
946 3079 1093 3179 addas,
1121 3075 1537 3196 quossliumnatume
1566 3088 1771 3198 copertuit
1790 3088 1973 3176 aestue-

455 3227 613 3288 manum
632 3207 744 3317 iter,
773 3200 952 3309 ueprius
979 3195 1100 3310 qudm
1121 3218 1241 3309 pater
1266 3196 1374 3281 Claro
1403 3190 1720 3312 adscriberetur:
1749 3204 1834 3286 iam
1858 3232 1968 3291 acce·

454 3318 521 3404 des
549 3320 606 3403 ad
627 3336 785 3404 etatem
817 3317 930 3400 illam
954 3320 1000 3398 in
1020 3341 1101 3427 qua
1117 3309 1313 3426 Damastes
1329 3306 1475 3424 posrtus
1506 3334 1594 3405 crat
1618 3342 1703 3405 eum
1732 3314 1834 3405 Aba
1860 3327 1971 3406 San·

456 3429 603 3519 iierum
628 3438 857 3545 Martyrum
887 3428 1031 3543 (Petri
1056 3424 1205 3516 scilicet
1240 3432 1280 3510 &
1304 3425 1566 3537 Marcellini)
1594 3435 1768 3536 audiit,
1797 3431 1854 3533 ὠ*
1880 3461 1966 3518 me·

432 3551 589 3636 meria
612 3550 797 3638 mandata
819 3545 1044 3663 descripst.
1077 3553 1133 3636 Ar
1153 3546 1241 3634 ueri
1261 3564 1354 3633 tuuc
1378 3554 1561 3656 temporis
1586 3554 1668 3633 iam
1692 3546 1827 3636 chler
1872 3546 1964 3667 urffi

457 3666 643 3753 uidetur.
676 3672 740 3751 An
761 3671 896 3773 itaque
922 3659 1167 3775 (concludit)
1194 3666 1241 3743 in
1264 3656 1519 3769 infitioribus
1542 3665 1745 3753 ordinibus
1763 3672 1964 3778 percipo·

454 3804 519 3867 rer
546 3783 600 3877 θ’
610 3778 724 3888 filius
740 3802 811 3861 ena
823 3774 919 3890 sere
943 3776 1139 3887 eodemque
1167 3790 1362 3887 tempore,
1390 3789 1515 3890 atque
1541 3777 1675 3864 eedem
1704 3785 1749 3866 in
1768 3778 1960 3871 Ecclesul

454 3897 533 3983 Hac
557 3898 633 3980 ulii
659 3890 860 3979 iudicent.
893 3894 1088 3976 Hsoenus
1113 3887 1339 3976 Merenda.

572 4010 679 4129 Qsir
706 4007 800 4096 vero
826 4005 947 4095 multa
968 4025 1201 4123 argumento
1215 4006 1378 4107 insunt,
1408 4035 1532 4120 eaque
1558 4042 1650 4103 snox
1664 4016 1885 4130 singularius
1904 4010 1963 4102 sen

452 4125 625 4239 duldque
652 4122 823 4237 expendi
841 4127 1019 4224 debent,
1046 4154 1173 4238 opere
1193 4126 1368 4238 pretium
1396 4153 1459 4211 sne
1483 4122 1675 4219 faliururn
1697 4151 1828 4246 puto,
1857 4130 1884 4217 ss
1915 4138 1960 4217 in

456 4243 593 4329 limine
626 4247 678 4329 ob
710 4245 915 4327 Lemurum
951 4239 1083 4326 oculos
1117 4268 1262 4354 ponam
1289 4237 1588 4331 Ecclefiallicam
1615 4256 1700 4337 eius
1734 4249 1857 4336 aetatis
1890 4247 1960 4333 di-

454 4356 693 4472 sciplinssn,
724 4353 766 4436 id
790 4355 847 4440 est
875 4385 958 4470 qun
985 4377 1080 4445 tune
1106 4357 1265 4467 vigebat
1288 4386 1379 4443 cum
1409 4358 1563 4448 Danau
1591 4393 1730 4480 parens
1754 4354 1957 4453 Antonius

455 4479 626 4563 Ronasn
655 4468 807 4563 venisse
828 4468 1106 4564 existimandus
1132 4476 1215 4563 est:
1246 4476 1322 4588 qui
1350 4473 1497 4565 scilicet
1526 4500 1639 4569 artare
1667 4482 1851 4569 Lectores
1879 4482 1961 4565 Ec-

315 4592 318 4597 ’
457 4593 652 4680 clefiastici
683 4587 733 4675 ad
763 4586 803 4671 id
831 4619 969 4678 munus
993 4592 1286 4681 assumerentur
1312 4620 1324 4678 r
1353 4621 1542 4707 quantum
1569 4605 1612 4684 in
1637 4601 1956 4699 minoribusor·

453 4706 616 4797 dinibus
632 4704 883 4810 constitutis,
904 4726 947 4794 vt
972 4707 1022 4795 ed
1043 4711 1204 4798 altiores
1220 4711 1371 4820 gradus
1401 4720 1739 4826 proveherentur,
1764 4713 1955 4829 temporis

457 4856 559 4945 opus
588 4827 685 4914 elset
715 4849 790 4934 pro
818 4823 1299 4937 lsngulorumexercitio:
1328 4834 1554 4927 statinrnii
1582 4831 1809 4951 baptismo,
1835 4861 1882 4921 an
1905 4860 1959 4919 ex

1892 4978 1959 5041 rn-

502 5086 577 5177 (0)
598 5096 664 5169 Sui
682 5099 755 5167 ieie·
779 5099 945 5193 massulos:
958 5096 1220 5188 iraeneum.
