4184 5904
1685 313 1792 507 147

279 575 483 694 (inquit)
502 571 553 691 st
565 598 621 664 tu·
640 578 832 661 Romanus
856 567 931 661 er?
964 574 1022 659 At
1050 569 1115 660 ille
1143 570 1283 661 dixit:
1314 538 1484 663 Etiam.
1517 573 1658 685 Pergit
1695 574 1793 660 Tri·

278 700 428 785 hunus:
460 698 539 808 Ego
568 691 868 806 multesima
889 697 1129 785 civilitatem
1156 693 1256 780 lanc
1285 692 1554 807 (Romanam)
1584 689 1790 807 consequu-

275 808 475 927 tmsum.·
500 809 557 894 Et
580 809 721 896 Paulus
750 836 761 892 :
794 814 870 926 Ego
896 833 1063 911 autem,
1092 811 1148 913 ῤ’
1174 831 1285 900 natas
1296 807 1396 928 sum
1422 864 1437 911 ‚
1469 803 1604 914 (ciuis
1645 813 1792 894 Rama·

277 959 349 1023 nus
374 926 579 1045 scilicet).
610 929 652 1010 Si
685 954 756 1040 per
782 928 917 1014 Latini
946 929 1136 1016 sermonis
1165 929 1325 1037 genium
1357 921 1551 1024 licuisset,
1580 942 1648 1009 aut
1677 922 1793 1009 secu·

277 1050 319 1133 lo
345 1043 507 1132 demum
534 1050 679 1132 octavo
697 1044 817 1130 Liber
841 1046 1039 1130 Asturum
1065 1043 1261 1159 scriptus,
1290 1043 1460 1131 Latiove
1496 1034 1666 1129 donatus
1691 1037 1793 1126 suis-

277 1161 372 1266 set,
402 1158 588 1249 credibile
629 1162 683 1247 est
711 1164 929 1248 Auderem
963 1165 1284 1277 Interpretemue
1315 1187 1425 1273 pru:
1466 1164 1540 1270 Ego
1575 1182 1708 1248 autem
1735 1155 1792 1258 ὂ*

277 1303 393 1372 nutas
421 1278 548 1394 (ciuis
566 1281 587 1396 )
604 1276 702 1393 fram
729 1334 744 1380 ,
773 1307 819 1364 ex
843 1281 924 1366 eius
953 1281 1025 1368 ari
1053 1284 1274 1368 Latinitate
1306 1275 1582 1366 redditurum:
1613 1280 1689 1391 Ego
1719 1303 1791 1363 au·
1839 1337 1845 1346 ,

277 1424 357 1492 tem
383 1396 439 1497 ό·
465 1396 649 1513 nascendo
674 1405 769 1487 ciuis
780 1395 913 1513 ficm3
942 1395 1155 1510 prasertim
1193 1424 1284 1487 cum
1310 1398 1470 1480 Graecus
1505 1410 1633 1480 textus
1671 1419 1791 1477 eant,

279 1511 498 1603 verhonem
528 1540 611 1600 non
633 1515 788 1628 respuat
818 1514 913 1630 (a).
943 1518 1057 1602 Tunc
1083 1532 1212 1603 autem
1243 1512 1388 1601 nedum
1420 1508 1584 1600 eandem
1613 1515 1653 1593 in
1681 1509 1790 1593 nais

276 1651 396 1743 atque
420 1633 463 1715 in
492 1633 696 1719 Leoniano
720 1628 1034 1720 Sacramentario
1059 1626 1304 1733 ,sententiam
1331 1686 1346 1732 ,
1384 1627 1453 1715 sed
1479 1624 1649 1720 totidem
1679 1622 1793 1737 ipsis-¹

277 1776 356 1863 que
384 1749 556 1834 omninb
580 1749 710 1837 verbis
738 1748 949 1861 utrobique
987 1743 1201 1861 expressam
1229 1748 1484 1833 haberemus.

392 1865 550 1954 Interea
576 1868 675 1953 verb
707 1872 853 1953 troilus
884 1865 949 1955 ille
972 1869 1164 1954 Asturum
1186 1861 1323 1951 seduli)
1351 1863 1464 1950 nobis
1494 1875 1540 1947 vt
1568 1860 1670 1946 iacet
1697 1886 1793 1947 cun·
1860 1912 1865 1921 ·

278 1980 506 2068 fiderandus
537 1983 594 2068 est
624 2046 635 2068 .
677 1984 733 2070 Et
755 1985 889 2096 primo
914 1983 1081 2097 quidem
1103 1980 1242 2072 Paulus
1269 1986 1310 2065 iu
1332 2007 1383 2068 eo
1413 1978 1452 2064 se
1477 1981 1690 2066 Romanam
1722 1979 1791 2064 ho«

186 2098 195 2114 “
277 2107 420 2186 minem
445 2099 546 2184 dicit
574 2121 589 2198 3
619 2128 712 2183 mox
744 2101 767 2180 ai
798 2102 1054 2188 Centurione
1083 2105 1179 2188 ciuis
1203 2102 1400 2186 Romanus
1425 2090 1672 2208 appellatur.
1705 2095 1793 2179 lte-

276 2241 363 2299 rum
398 2206 437 2298 se
475 2209 615 2300 Paulus
643 2215 832 2302 Tribuno
868 2215 1115 2331 respondens
1151 2214 1382 2329 simpliciter
1405 2218 1617 2303 Romanum
1644 2230 1794 2309 uocat3

277 2325 443 2439 ipsoque
479 2328 616 2416 denuo
655 2329 937 2442 interpellante
968 2391 982 2437 ,
1018 2330 1138 2446 seque
1168 2328 1444 2444 privilegiario
1474 2322 1675 2445 quoddam
1706 2331 1793 2410 iure

275 2449 508 2529 Romanurn
550 2450 678 2529 civem
706 2443 894 2531 asserente
921 2496 937 2544 2
966 2449 1172 2553 subiungit
1199 2443 1307 2531 illico
1335 2443 1514 2544 Paulus,
1543 2440 1581 2523 se
1621 2468 1693 2527 nan
1720 2439 1795 2556 fu·

276 2558 410 2656 llum,
439 2554 504 2643 sed
530 2581 671 2645 natum
693 2558 762 2670 effl-
788 2563 1001 2646 Romanum
1016 2564 1167 2644 ciuem.
1201 2562 1295 2643 Hace
1318 2576 1449 2642 autem
1471 2566 1603 2669 primo
1627 2561 1793 2668 quidem

277 2671 431 2784 aspectu
455 2694 544 2758 ‘ram
570 2667 721 2757 diserte
749 2667 861 2757 Pauli
895 2679 1061 2782 patriam
1102 2665 1329 2784 praeseferre
1371 2672 1601 2771 uidemur,
1643 2691 1687 2758 ut
1722 2671 1795 2758 nisr

278 2788 371 2877 alibi
402 2787 470 2903 (b)
501 2785 641 2900 ipsese
664 2785 773 2872 Tarsa
790 2784 942 2874 Ciliciae
961 2806 1094 2875 natum
1111 2793 1205 2904 (c),
1235 2788 1394 2904 eiusque
1413 2793 1519 2877 vrbis
1547 2793 1796 2907 α’νυτιρῥήτως

278 2909 514 3015 municipem
550 2899 735 2998 dixisset,
766 2928 847 2984 non
879 2906 1040 3015 ambigo
1071 2908 1194 3017 quin,
1225 2903 1312 3015 ipso
1342 2911 1460 2995 eriam
1485 2905 1705 2998 Blanchino
1735 2920 1797 2999 iu.

133 3051 136 3055 ·
275 3020 395 3119 dice,
430 3012 572 3104 Paulus
602 3008 714 3130 eque
742 3018 785 3099 in
808 3016 917 3104 Vrbe
945 3036 1092 3118 natus,
1120 3045 1164 3104 ac
1190 3020 1326 3133 Scipio
1354 3070 1369 3121 2
1397 3041 1468 3109 aut
1495 3023 1638 3115 Lalius
1679 3030 1797 3118 habe-

276 3154 445 3335 retmid
476 3260 522 3334 vt
551 3244 685 3361 paullo
716 3246 786 3331 fiat
812 3240 1020 3335 dilucidius
1065 3251 1146 3334 baec
1176 3252 1288 3337 nobis
1317 3254 1542 3367 hypothehs
1567 3263 1795 3352 adornanda

275 3369 371 3458 est.
414 3371 538 3477 Finge
565 3360 716 3451 sacrum
743 3364 939 3450 Asturum
974 3363 1154 3452 codicem
1187 3360 1385 3477 periisse,
1429 3390 1497 3455 aut
1525 3378 1709 3469 haetenus
1738 3381 1797 3465 ir-

280 3502 481 3594 repertum
511 3477 782 3590 delitescere3
824 3507 953 3594 neque
979 3482 1086 3568 aliud
1123 3502 1306 3595 preterea
1332 3511 1380 3570 ex
1404 3491 1601 3579 veteribus
1646 3525 1795 3589 monu-
1921 3572 1925 3578 .

282 3605 428 3686 mentis
452 3598 503 3683 ad
529 3595 698 3683 nollram
730 3617 885 3684 etatem
918 3594 1167 3712 peruenisse,
1201 3598 1307 3687 vnde
1338 3600 1444 3689 Pauli
1469 3615 1639 3717 patriam
1678 3614 1795 3698 certb

280 3713 514 3830 dignoscere
539 3707 764 3828 pulsemus3
794 3714 928 3831 deque
961 3746 1038 3820 ea,
1068 3745 1149 3805 non
1186 3717 1294 3804 secus
1323 3738 1442 3836 atque
1469 3720 1655 3838 Hispanis
1689 3756 1795 3812 nune

281 3834 334 3919 de
364 3835 565 3922 Laurentii
598 3838 752 3946 patria,
787 3829 894 3917 litem
925 3861 1009 3944 quae
1034 3840 1154 3924 etiam
1182 3863 1273 3924 num
1305 3832 1407 3923 foret
1432 3835 1503 3924 sub
1528 3843 1659 3933 iudice
1690 3847 1795 3932 Tar·

282 3949 452 4037 sensibus
480 3955 742 4037 intentatam.
771 3947 1030 4033 Blanchiuum
1054 3975 1263 4062 praterea,
1292 3955 1388 4038 dum
1415 3952 1570 4046 sirenue
1590 3962 1798 4051 Romano·-
1914 3990 1919 3997 ·

283 4095 368 4153 runr
401 4086 528 4179 partes
557 4064 664 4182 agit,
690 4066 841 4148 eximia
880 4063 1111 4167 vetustatis,
1141 4089 1259 4179 arque
1288 4076 1533 4158 auctoritatis
1563 4080 1797 4181 Codicenr‚

284 4177 483 4271 innescio
519 4209 601 4295 quo
629 4185 757 4267 veteri
796 4179 1120 4292 chartophylacio
1153 4177 1339 4296 reperisse
1373 4186 1437 4269 cui
1468 4188 1636 4278 biblicus
1667 4196 1797 4286 illa„

284 4321 432 4398 cento,
461 4328 577 4412 quem
609 4296 731 4381 modb
754 4324 802 4381 ex
829 4302 941 4387 Actis
967 4298 1202 4410 Apostolicis
1233 4296 1468 4400 retulimus,
1497 4306 1719 4396 incidenter
1738 4309 1798 4394 as-

284 4417 390 4511 sutus
416 4413 567 4520 luerit,
597 4442 685 4504 cum
711 4412 830 4534 longi:
858 4411 1055 4506 diuersum
1077 4408 1174 4503 esset
1192 4417 1273 4503 eius
1301 4414 1466 4505 Codicis
1486 4450 1791 4537 argumentum.

1122 4536 1158 4619 T
1191 4557 1214 4618 a
1381 4559 1388 4570 ·
1723 4545 1798 4628 vi.

330 4779 404 4863 (α)
425 4772 589 4861 ’Eplbmi
610 4769 775 4861 mirmyci-
796 4779 1014 4851 Aciot·XXll·
1072 4770 1204 4856 chelis,
1239 4775 1321 4863 quod
1353 4773 1461 4847 Iudae
1484 4778 1635 4864 oppidum
1665 4783 1708 4851 esi
1730 4784 1798 4851 in.»

287 4874 325 4945 i·
347 4874 500 4944 XXVIII·
1072 4864 1173 4933 Tribu
1191 4863 1379 4948 Beniamin,
1403 4887 1506 4937 uarum
1526 4871 1609 4939 dici:
1634 4896 1697 4961 quo
1713 4878 1730 4943 *a
1744 4880 1796 4943 lu.

309 4966 380 5044 ll)
401 4960 463 5028 Sub
477 4954 753 5026 initiumciusdenr
769 4956 1013 5042 CapirisXXH·
1071 4956 1141 5023 ducis
1164 4977 1254 5041 capto
1282 4981 1354 5024 cum
1388 4960 1567 5033 Parentibus
1584 4962 1716 5033 Tarium
1734 4967 1795 5031 (ἶί.

289 5056 326 5126 il.
347 5048 559 5133 lihecCap·
582 5046 693 5115 XXII·
717 5053 756 5120 l·
777 5051 936 5119 XXXIX·
1072 5047 1149 5115 licia
1178 5049 1421 5136 commigravit.
1459 5053 1533 5121 Vid·
1558 5056 1589 5124 S·
1610 5055 1738 5127 Deflet
1763 5068 1794 5133 lu

226 5142 238 5183 s
334 5140 391 5221 (c)
415 5141 486 5214 Scio
512 5138 638 5216 Paulum
663 5139 681 5207 is
711 5137 912 5235 Hieronymo
938 5134 1015 5210 Gis-
1072 5144 1165 5218 arbro
1184 5147 1219 5214 dt
1244 5148 1321 5251 Vitg
1343 5146 1486 5229 illustrib.
