4184 5904
424 314 503 461 82

396 618 400 626 ,
549 530 649 639 Sunt
667 524 736 643 qui
764 531 804 618 id
826 524 872 617 ei
897 526 949 616 de
977 525 1086 613 causa
1115 527 1261 612 iritum
1292 526 1660 641 existimauerat
1684 531 1832 616 Decius
1846 532 1937 618 Va·

425 650 619 738 serianum
649 647 718 733 libi
746 655 902 762 imperii
931 645 1116 758 collegam
1131 643 1340 741 adsciverit
1369 649 1470 764 (a),
1500 647 1610 757 quod
1642 652 1786 732 neruini
1805 647 1937 735 Vete-

424 793 515 851 rum
538 766 695 877 probari
714 766 900 849 Baronius
926 768 1008 871 ait3
1040 767 1159 847 immo
1173 759 1200 843 ὲ
1214 767 1417 848 contrario
1440 763 1579 848 scimus
1593 792 1686 850 eutii
1700 765 1868 876 primitur
1882 763 1934 848 ab

423 884 613 969 Exercitu
625 882 800 966 Rlietico
815 885 1097 992 Imperatorem
1114 876 1343 964 salutatum.
1362 880 1439 965 Rei
1456 905 1552 991 ergo
1568 886 1714 968 veritas
1732 906 1782 970 eii
1795 880 1934 967 eodem

418 1001 596 1087 'Baronio
621 997 792 1108 petenda
810 998 891 1097 eil,
917 998 1027 1081 cuius
1053 999 1263 1109 propterei
1281 997 1398 1084 verba
1416 994 1590 1081 dabimus
1607 997 1728 1110 quiin
1757 996 1843 1086 fieri
1859 1022 1936 1109 po·

423 1120 526 1204 terit
553 1112 794 1199 consuetius
823 1116 941 1227 (ωε
974 1114 1068 1200 Cum
1086 1118 1228 1202 Decius
1257 1113 1454 1226 (inquit)
1482 1113 1745 1231 impiiſsimam
1765 1113 1936 1228 potcsta-

424 1255 506 1327 tem
529 1233 732 1320 Valeriano
755 1262 804 1318 en
829 1232 1197 1345 Senatus-Corficlio
1218 1227 1417 1345 tribuisti
1440 1282 1457 1331 2
1485 1254 1529 1319 uc
1533 1232 1693 1347 scribit
1719 1233 1935 1321 Trebellius

422 1354 580 1448 Poiir03
608 1376 676 1436 nee
697 1347 857 1436 caucum
886 1344 1087 1462 censtcrnm
1110 1374 1212 1436 nore
1243 1350 1442 1437 'maiorum
1457 1401 1473 1451 2
1489 1349 1569 1463 sel
1590 1347 1744 1438 anilem
1769 1348 1934 1437 conden-

422 1472 565 1557 darum
582 1463 725 1578 sponte
750 1467 875 1580 legun
902 1469 1062 1578 imperio
1082 1485 1098 1565 3
1129 1467 1221 1552 linc
1228 1460 1388 1581 faliunt
1412 1486 1454 1552 nc
1482 1492 1573 1578 quc
1590 1467 1772 1556 edmerus
1806 1465 1932 1551 Chei-

407 1582 559 1700 stionor
576 1584 828 1696 promulgato
837 1577 979 1698 siunt,
1010 1607 1084 1667 non
1098 1583 1358 1697 stcur'urquc
1382 1581 1511 1668 edilia
1540 1603 1710 1685 cetea,
1736 1587 1853 1670 Decii
1879 1606 1924 1666 oc

421 1699 623 1788 Valeriani
649 1697 863 1786 nominibus
881 1693 1219 1810 irfiribcrencur3
1247 1707 1575 1814 eoqueconuunni
1599 1703 1717 1790 titulo
1740 1693 1929 1789 inditione

422 1819 542 1904 initio
558 1810 858 1934 persecutionem
881 1813 934 1898 ul
960 1813 1159 1902 Valeriani
1183 1836 1356 1931 ternpore
1384 1813 1647 1933 perseuerasse
1668 1847 1684 1929 3
1706 1819 1928 1935 prestetiur

420 1957 509 2022 cunr
537 1932 626 2018 huic
651 1931 760 2016 nibil
781 1949 871 2044 opus
889 1924 1030 2042 fiuifflt
1057 1959 1172 2022 nunus
1199 1939 1244 2019 ln
1270 1935 1507 2049 Christianus
1530 1939 1627 2048 leger
1639 1931 1823 2049 scribere
1837 1983 1853 2034 2
1867 1928 1929 2044 st·

416 2047 578 2163 quidem
593 2051 747 2160 perores·
772 2050 854 2134 ille
872 2047 904 2131 l
925 2048 1043 2134 Decio
1058 2050 1318 2163 promulgate
1342 2053 1472 2144 cline
1496 2053 1679 2169 emebant
1706 2055 1727 2164 (
1757 2056 1803 2157 ).

534 2159 594 2243 Ei
628 2187 679 2247 eo
706 2181 837 2248 autem
863 2159 1106 2249 Clarissimus
1132 2166 1348 2256 Annalium
1376 2173 1524 2256 Parens
1546 2169 1781 2256 descendere
1813 2177 1930 2278 putat

419 2277 541 2364 Decii
570 2275 610 2357 &
641 2275 846 2364 Valeriani
867 2275 1178 2390 persecutionem
1207 2278 1303 2396 supe
1330 2293 1559 2387 communi,
1590 2283 1789 2370 interdurn
1825 2279 1928 2364 alte·

419 2398 503 2480 rius
531 2391 685 2479 tantiun
715 2395 1008 2510 imperatorum
1034 2401 1235 2498 nomine,
1276 2398 1496 2509 promiscue
1537 2418 1668 2485 tamen
1701 2393 1926 2512 appellari3

418 2508 539 2596 Decii
579 2505 790 2621 presertim
818 2514 882 2623 qui
918 2537 1002 2597 earn
1035 2509 1163 2599 forsan
1191 2517 1339 2626 primus
1370 2513 1554 2617 indixit,
1586 2541 1819 2628 quamquam
1849 2518 1926 2598 iarn

418 2623 579 2740 pridem
599 2626 626 2709 *e
653 2627 753 2716 viris
777 2654 842 2715 ere
873 2646 932 2712 tus
960 2622 1124 2741 fuissem
1146 2625 1356 2744 subditque
1373 2631 1466 2719 huic
1488 2639 1547 2719 rei
1561 2628 1839 2718 confirmandae
1859 2654 1929 2711 ex·

417 2741 594 2856 emplum
626 2655 971 2832 luculentiiimuni
1005 2750 1046 2832 in
1072 2745 1352 2859 persecutione
1383 2747 1690 2835 Diocletiani&
1712 2751 1928 2831 Maximia-

418 2866 463 2948 ni
489 2911 504 2959 ‚
534 2887 650 2973 quani
682 2861 745 2947 vel
777 2861 863 2972 poll
890 2858 1059 2945 sublatos
1100 2871 1276 2944 ardores
1306 2886 1445 2943 eorum
1484 2886 1627 2941 nomen
1663 2862 1732 2942 sub
1759 2862 1925 2942 Galerio

415 2981 707 3076 Armentario,
734 2979 804 3090 qui
830 2999 915 3060 eain
955 2968 1154 3060 sevitime
1182 2973 1366 3059 exercuit
1392 3024 1407 3071 2
1452 2969 1654 3058 retinuisse
1682 3025 1697 3072 2
1729 2998 1776 3060 ex
1807 2974 1924 3060 variis

409 3096 645 3208 Martyrum
670 3097 811 3195 Actis,
840 3095 878 3176 δι
905 3088 1146 3203 apertissimo
1174 3089 1329 3176 Eusebii
1358 3088 1590 3176 testimonio
1616 3088 1688 3207 (d)
1715 3095 1924 3177 convinci·

416 3233 517 3297 tur.
550 3211 611 3295 Ex
642 3212 713 3296 hac
734 3229 867 3297 autem
892 3209 1009 3294 Decii
1033 3206 1284 3295 &Valeriani
1313 3213 1518 3292 nominum
1543 3207 1844 3307 communione,
1877 3223 1924 3293 vt

413 3329 491 3411 hoc
522 3331 562 3409 in
590 3326 815 3416 transcursu
846 3352 1063 3425 moneam,
1094 3352 1175 3414 nou
1199 3324 1300 3410 leuis
1332 3323 1429 3419 mihi
1458 3319 1625 3438 suspicio
1661 3323 1843 3424 incidit,
1871 3349 1923 3409 eii

416 3440 512 3530 ueri
542 3441 705 3535 fortassis
732 3441 935 3533 Valeriani
960 3447 1003 3529 in
1020 3443 1211 3557 Saporem
1237 3439 1445 3530 Persarum
1474 3444 1626 3560 Regem
1652 3441 1926 3642 expeditippe,

928 3618 931 3625 .
1893 3586 1925 3642 ι.

411 3839 476 3907 Sub
488 3839 582 3908 Decio
598 3835 636 3910 st
649 3840 815 3907 Valeriano
824 3835 1064 3921 persecutoribus
1075 3850 1136 3920 quo
1238 3819 1295 3920 [i]
1317 3833 1386 3902 Lib.
1404 3832 1498 3899 Vlli-
1512 3835 1769 3920 irrumet-Cap.
1790 3837 1832 3903 ΙΙ.
1845 3830 1922 3903 Coe·

406 3933 700 4014 ,mponciomirm
716 3921 1137 4014 Rmaelecpprtanmcar·
1194 3915 1243 4005 pit
1269 3945 1306 3989 ea
1328 3919 1500 4008 persecutio
1529 3944 1608 3988 anno
1637 3920 1761 4005 imperii
1787 3922 1923 3994 Diocle·

411 4021 535 4101 alogiae
553 4020 648 4106 felici
675 4039 779 4090 cruore
811 4019 943 4088 lunarii
965 4018 1042 4103 sunt
1071 4017 1134 4083 dte.
1195 4010 1271 4081 tiarii
1292 4013 1386 4085 xix.
1396 4011 1516 4083 Cbriili
1538 4010 1680 4084 cccli.
1695 4031 1747 4080 aut
1758 4013 1921 4105 sequenti,

410 4101 499 4171 Idem
529 4114 600 4179 Lib·
629 4116 665 4182 de
696 4117 809 4199 Scripr·
832 4115 916 4178 Eccl.
948 4103 981 4171 in
1007 4103 1137 4174 Metire-
1195 4126 1265 4173 iiam
1288 4103 1446 4173 Ausiores
1467 4105 1507 4170 de
1531 4126 1570 4171 eo
1591 4103 1731 4182 variante
1753 4129 1921 4196 cumquu

410 4196 482 4262 dio:
505 4205 570 4266 Sul»
581 4207 675 4269 Decio
689 4199 728 4270 (ἐν
741 4205 908 4269 Valeriano
922 4202 953 4264 in
965 4200 1138 4270 Chalcide.-
1194 4192 1366 4265 continenti
1383 4191 1533 4263 decennio
1553 4192 1726 4266 Ecclesiam
1749 4194 1919 4279 afflixisset,

410 4289 540 4353 Gcccrae
559 4295 701 4373 macario
724 4303 876 4354 coronatur
901 4289 962 4372 est·
1195 4303 1230 4358 vt
1242 4285 1326 4353 idern
1338 4283 1486 4354 Eusebius
1498 4286 1626 4357 testatur
1652 4292 1666 4354 i
1675 4296 1739 4358 eod·
1754 4295 1825 4358 Lib.
1843 4295 1917 4377 Cup.

454 4366 503 4458 [o]
526 4373 663 4439 Zonaras
682 4372 766 4460 apud
788 4371 902 4443 Baton·
917 4382 947 4447 iu
966 4397 1027 4449 nrt·
1043 4381 1137 4455 Mur.
1191 4377 1307 4460 XVI.)
1331 4375 1541 4446 biuistantum
1562 4377 1717 4465 prioribus
1738 4379 1921 4456 annisDio-

407 4469 498 4547 tyrol·
514 4467 581 4533 lirc-
604 4466 645 4566 B'.
1193 4466 1346 4537 cletiauus
1378 4465 1506 4561 eiusque
1543 4470 1675 4556 Collega
1708 4470 1918 4542 Maximianus

455 4551 504 4636 [b]
528 4550 681 4624 Batonius
704 4561 777 4628 ihil·
1193 4557 1366 4628 Herculius
1385 4584 1451 4630 eain
1480 4559 1665 4633 exercuere:
1692 4561 1768 4631 olio
1785 4583 1917 4634 autema

455 4634 499 4734 [c]
523 4645 600 4716 Vid.
622 4645 730 4715 Senior
747 4647 916 4717 Blauclrin.
939 4647 994 4740 qui
1011 4655 1134 4720 Toni-II·
1193 4648 1390 4739 sequentibus
1410 4653 1574 4735 xGalerius
1607 4652 1818 4724 Maximianus
1850 4653 1917 4720 Ar·

409 4741 558 4827 Aiioslosti
580 4735 612 4804 iu
629 4738 719 4808 Sixto
740 4748 814 4814 Seli.
836 4746 941 4810 XXV.
967 4747 1044 4831 Peg.
1059 4757 1134 4819 225.
1193 4740 1391 4821 meuuriust
1422 4744 1512 4813 euius
1541 4742 1635 4812 eriam
1656 4765 1796 4832 ternpore
1815 4740 1917 4830 perse-

411 4827 444 4922 in
461 4852 522 4897 nor·
538 4836 692 4916 historicis
714 4829 920 4915 multiplicem
938 4832 1030 4898 aliani
1060 4853 1134 4898 cen·
1191 4829 1277 4925 cutio
1296 4834 1436 4918 priorum
1457 4837 1682 4920 imperatorum
1709 4859 1819 4905 nornen
1845 4832 1918 4901 reti-

411 4914 563 4986 ieliuiam
585 4918 675 4987 affert
685 4969 697 5002 ,
722 4941 757 4989 rt
775 4921 894 4989 studeat
906 4921 1003 4990 Decii
1025 4925 1134 4992 &Va-
1195 4923 1295 5007 nuit,
1329 4921 1511 4995 Diocletiani
1547 4930 1585 4999 si*
1607 4934 1774 4997 Muniuini
1793 4927 1915 4994 Hereu-

407 5002 520 5072 leriani
539 5010 781 5091 persecutionem
804 5037 863 5080 uon
882 5010 992 5084 inierit
1014 5009 1136 5100 proti·
1193 5014 1229 5081 lii
1252 5014 1423 5082 constanter
1453 5018 1485 5084 iu
1504 5017 1599 5089 Astis
1625 5021 1660 5086 δι
1680 5016 1913 5108 Martyrologiis

411 5091 519 5165 demi
544 5100 708 5176 Veteribus
727 5101 881 5176 habitam·
1192 5108 1372 5194 appellata.
