4184 5904
301 417 405 503 122

302 598 493 715 exemplis
510 595 763 686 illullriorem
781 594 968 689 reddere.
1000 598 1109 686 Felix
1126 598 1167 685 in
1188 625 1237 685 eo
1255 599 1437 706 hymno,
1450 617 1496 685 vt
1517 600 1711 713 vidimus,
1729 609 1824 695 Ge·

299 718 436 805 sunda
464 719 487 802 ai
511 716 733 804 Prudentio
759 716 997 803 adscribitur
1023 772 1038 822 ,
1066 716 1238 803 Cucusas
1266 714 1474 802 Barcinoni
1499 740 1515 821 3
1546 741 1725 811 neutram
1753 746 1824 812 ta·

298 863 394 924 men
422 835 583 921 istarum
616 839 775 923 vrbium
801 835 1007 946 vtriusque
1032 833 1134 920 illius
1157 836 1382 945 Martyris,
1412 860 1478 920 aut
1499 834 1659 925 alterius
1676 867 1818 928 eorum

297 958 473 1067 patriam
506 945 616 1039 fuisse
643 957 883 1041 notissimum
915 951 969 1037 eil
995 973 1011 1053 3
1040 946 1106 1040 sed
1146 981 1212 1038 eos
1236 959 1276 1037 in
1304 952 1448 1038 Attica
1481 955 1579 1043 vrbe
1612 957 1819 1047 Scillitana

298 1068 538 1183 (Meztllam
576 1097 681 1153 nunc
715 1070 919 1178 Indigenis
947 1069 1158 1157 vernaculo
1192 1064 1371 1156 sermone
1410 1068 1555 1156 diuam
1591 1100 1641 1159 ex
1668 1076 1743 1166 srttt
1772 1101 1820 1161 uc

300 1194 479 1275 nominis
508 1182 702 1271 affinitate
727 1193 898 1274 coniicio
926 1183 1056 1305 (al)
1088 1203 1196 1275 natos
1222 1183 1335 1275 fuisse
1359 1185 1507 1276 constat
1534 1249 1545 1271 .
1588 1191 1818 1308 Calagurris

282 1304 443 1413 sitidem
471 1306 698 1395 Hemeterii
732 1303 1031 1391 &Chelidonii
1068 1311 1227 1394 eatrvias
1255 1334 1434 1397 cnmsro
1462 1302 1643 1393 oblatura
1673 1338 1817 1398 recen·

311 1440 437 1533 etur3
482 1447 583 1534 quos
611 1438 742 1506 tamen
771 1421 950 1532 Legione
980 1424 1208 1538 progenitos
1236 1414 1348 1512 fuisse
1376 1448 1424 1511 ex
1453 1430 1715 1512 communi&
1743 1456 1815 1515 re·

288 1541 510 1650 ceptisfima
542 1534 740 1624 sententis
767 1562 847 1622 non
874 1543 929 1624 ita
962 1537 1116 1650 pridem
1141 1538 1367 1627 dicebamus
1396 1600 1407 1623 .
1447 1540 1626 1626 Narboni
1655 1544 1813 1630 Martio

288 1654 468 1755 Paulus,
500 1655 664 1767 Sergius
695 1657 1002 1762 praenominatus
1033 1660 1073 1740 in
1103 1686 1153 1745 eo
1175 1660 1361 1743 Poemate
1385 1657 1620 1745 attribuitur
1648 1711 1664 1759 ,
1690 1658 1808 1774 quod

284 1765 393 1858 sacra
427 1776 510 1861 eius
540 1769 732 1879 Martyris
761 1769 840 1859 ossa
869 1772 1017 1860 ibidem
1045 1771 1096 1859 ad
1124 1774 1224 1859 hanc
1253 1770 1373 1887 vsquci
1398 1770 1504 1862 diem
1534 1776 1809 1889 requiescant,

284 1886 369 1999 ipse
396 1909 533 1975 tamen
563 1891 605 1973 in
636 1883 746 1973 Vrbe
776 1907 918 1990 natus,
948 1889 1142 2007 domique
1169 1897 1264 1975 &in
1289 1890 1515 1981 Provinciis
1538 1899 1692 1980 eximiis
1715 1924 1807 1979 mu-

288 2005 484 2107 neribus,
515 2008 554 2090 &
583 2000 866 2094 Proconsuiatu
899 2006 1057 2095 funslus
1087 2008 1265 2097 creditur
1290 2027 1306 2110 3
1348 2006 1460 2096 certe
1489 2010 1623 2121 patrii
1649 2010 1808 2098 Narbo-

286 2121 414 2209 nenss
444 2152 527 2210 non
556 2120 659 2209 suit.

401 2243 491 2327 Nec
527 2236 668 2327 scimus
694 2267 744 2326 an
767 2240 911 2327 Zoilus
929 2259 1050 2358 atque
1077 2241 1251 2333 Acisclus
1278 2241 1499 2332 nativitatis
1523 2246 1607 2332 iure
1632 2244 1813 2333 adCor·

287 2352 433 2442 dubani
461 2354 671 2471 spesleot,
697 2360 766 2468 qui
794 2377 925 2445 tamen
953 2362 1007 2446 ob
1034 2360 1225 2470 Martyris
1253 2388 1299 2447 ac
1322 2357 1489 2471 sepulcri
1516 2356 1647 2447 locum
1673 2368 1709 2449 ei
1739 2387 1812 2447 vr-

275 2471 318 2558 bi
356 2474 630 2563 aiPtudentio
653 2472 931 2564 adscribuntur
960 2474 1063 2591 (b);
1092 2478 1222 2563 Immo
1246 2470 1349 2587 ipsos
1370 2473 1506 2560 decem
1533 2476 1678 2562 &osio
1697 2478 1814 2562 Mar·

276 2607 399 2703 tyres
428 2650 443 2698 ,
486 2617 655 2708 quorum
683 2596 868 2707 proprius
904 2591 960 2682 est
987 2593 1159 2704 hymnus
1198 2588 1250 2679 de
1278 2618 1358 2707 quo
1386 2594 1532 2702 agimus
1561 2645 1578 2693 ,
1620 2622 1698 2678 non
1726 2593 1811 2680 alio

274 2705 405 2820 quim
438 2708 605 2824 sepulcri
637 2716 722 2798 iure
750 2707 1048 2823 Caesaraugusta
1075 2708 1338 2799 alPrudentio
1367 2710 1577 2797 attributos
1606 2711 1810 2812 arbitror3

274 2823 357 2933 ipse
394 2830 504 2915 certe
532 2833 732 2915 neminem
757 2855 927 2931 eorum,
951 2827 1046 2915 duur
1077 2835 1292 2929 viverent,
1320 2826 1611 2936 Caesarauguslae
1636 2827 1806 2915 incolam

277 2931 374 3028 fuiss
375 2973 397 3031 e
423 2944 639 3060 perhibet,
675 2947 860 3061 inquiens
887 2945 976 3060 (c):
1684 3061 1737 3146 M

1734 3086 1808 3143 ar·

322 3180 384 3263 (a)
406 3178 512 3254 Fuerit
532 3181 658 3250 fortassis
677 3181 862 3266 bacchba,
882 3206 1015 3274 quaece·
1075 3187 1188 3270 Scyllia
1222 3177 1367 3250 Cesarea
1399 3182 1494 3266 quam
1517 3177 1699 3270 Carthagini
1735 3174 1805 3254 (ad

283 3272 456 3345 seberrimis
473 3275 733 3362 olimSperato&
747 3274 915 3366 sociis‚qui
929 3281 1016 3365 Scyl·
1074 3296 1168 3363 quam
1191 3287 1299 3359 vtpote
1327 3270 1531 3340 celebriorem
1552 3271 1626 3341 alias
1647 3268 1807 3340 Sanslisli·

276 3372 368 3437 lirani
391 3369 753 3458 Murtvrcrappellamur
763 3414 778 3451 ,
803 3389 915 3435 nomen
928 3365 1014 3435 fecit.
1076 3389 1144 3433 mos
1166 3361 1320 3453 Martyres
1343 3360 1512 3432 studiorum
1532 3364 1618 3433 causa
1640 3361 1806 3431 mittendos

275 3457 396 3528 Verltm
417 3460 471 3530 vbi
483 3460 626 3531 adhibitis
646 3458 787 3530 Cellario
799 3505 812 3541 ,
837 3461 1014 3531 (Not-Orb-
1075 3455 1162 3525 fuisse
1186 3452 1361 3525 verosimile
1393 3454 1464 3542 eil)
1488 3454 1666 3542 propiorem
1691 3451 1799 3527 fuisses

272 3558 369 3629 Ant.)
392 3550 576 3625 Baudrando
589 3557 622 3623 dt
638 3551 801 3631 Ferraria,
825 3546 876 3629 (in
890 3552 1014 3633 Lextc.)
1074 3564 1167 3638 atque
1186 3549 1262 3615 adeo
1295 3570 1356 3614 non
1381 3544 1420 3613 ad
1453 3547 1645 3615 Provinciam
1667 3544 1805 3613 Procon-

172 3706 178 3717 .
277 3639 415 3713 Nicolao
426 3646 587 3729 Antonio,
613 3646 761 3733 (Cevsvtra
774 3643 1011 3729 bhssvrivrdib·
1073 3639 1232 3721 sulacem,
1257 3637 1305 3704 sed
1328 3638 1366 3706 ad
1391 3634 1611 3708 Mauritaniam
1631 3635 1804 3706 Caesarien-

279 3742 338 3803 VI·
363 3758 426 3821 cop.
446 3744 488 3807 11.
515 3764 594 3807 nuru.
618 3743 695 3820 42.)
718 3754 809 3823 atque
833 3729 902 3800 aliis
928 3730 1011 3817 apud
1070 3729 1133 3799 sem
1154 3750 1221 3798 eam
1243 3729 1363 3800 Vrbem
1383 3727 1562 3815 pertinuisse
1586 3776 1594 3792 .
1619 3730 1803 3797 Praeterea...

276 3822 354 3909 ipsos
383 3873 394 3908 ‚
430 3828 613 3895 hodiernum
647 3822 713 3892 eius
736 3823 832 3895 Vrbis
864 3844 1010 3890 nomen-r
1069 3845 1141 3891 cum
1163 3819 1193 3887 in
1219 3819 1391 3889 recentibus
1419 3818 1547 3889 Chattis
1569 3815 1801 3907 Geographicis

275 3915 389 3983 elicere
413 3916 509 4001 cupio
531 3962 543 3995 ,
569 3913 713 3982 incertior
746 3914 847 3983 multo
876 3912 1007 3983 effeetus
1067 3936 1128 3981 oon
1151 3913 1240 4003 longe
1251 3913 1290 3980 ab
1302 3909 1450 3978 hodierno
1471 3916 1596 3999 Agger,
1617 3907 1804 3998 oppidum..

273 4004 343 4071 sutn
369 4051 382 4086 ,
405 4010 501 4095 quim
527 4006 643 4074 sueram
666 4007 784 4074 dudum
809 4033 816 4077 :
852 4023 933 4074 tanta
961 4002 1008 4075 est
1068 4012 1209 4076 Mrmlla
1232 4000 1432 4090 reperissem,
1455 4024 1495 4069 ex
1516 3998 1803 4090 quavocefiprio·

276 4095 356 4162 inter
376 4096 430 4164 hos
442 4096 598 4166 Auslores
610 4096 750 4168 dissensio
770 4116 864 4190 atque
881 4096 1008 4185 opinio·
1069 4119 1136 4166 rent
1158 4093 1345 4176 construam,
1369 4117 1436 4183 qua
1459 4092 1663 4179 proculdubio
1679 4088 1801 4159 servilis

276 4208 351 4254 num
365 4189 513 4259 varietas.
539 4191 591 4261 ct.
605 4188 732 4263 testeus
754 4198 810 4265 (ln
825 4196 909 4257 Not.
923 4194 1009 4275 Mis·
1068 4187 1146 4267 est,
1170 4210 1240 4257 cum
1263 4184 1317 4256 sua
1346 4184 1444 4253 vocali
1466 4207 1607 4253 amoveas
1629 4230 1642 4265 ,
1665 4181 1802 4269 superest

268 4281 333 4366 fill·
359 4287 486 4353 ulterr-
511 4302 586 4370 με·
618 4295 719 4364 ⁶03·)
753 4279 914 4368 Pfflbablle
941 4278 1010 4345 ‘xl-
1068 4285 1182 4351 Zilla:
1207 4276 1340 4348 nominis
1359 4274 1506 4346 affinitate
1519 4274 1662 4344 indusias
1684 4272 1750 4341 sum
1765 4292 1800 4339 vt

274 4367 379 4435 slirnat
411 4378 542 4459 Scyllum
574 4370 795 4440 Proconsularis
833 4367 1005 4439 Provinciae
1064 4367 1252 4438 coniicerem
1273 4390 1342 4437 eam
1366 4369 1523 4459 antiquam
1550 4374 1660 4458 Scyllia
1683 4362 1802 4436 Felicia

276 4459 431 4544 oppidum
459 4458 546 4527 fuisse
569 4460 636 4528 aliis
671 4468 793 4534 Scillitv
820 4460 1006 4543 dissum-r,
1063 4464 1098 4531 &
1120 4460 1285 4531 Cucufatis
1308 4457 1439 4546 patriam
1463 4456 1571 4527 fuisse.

276 4547 456 4636 Episcopali
476 4552 553 4619 Sede
578 4548 716 4640 insigne,
739 4554 823 4642 quod
846 4558 880 4623 δι
904 4552 1006 4623 Nico·
1109 4552 1179 4633 (b)
1203 4552 1338 4621 Zoilum
1370 4569 1400 4619 at
1425 4574 1462 4621 ue
1487 4548 1650 4617 Acisclum
1671 4545 1800 4618 Cordu-

276 4639 325 4707 lao
345 4642 486 4711 Antonio
512 4642 631 4729 placere
650 4641 743 4711 video
766 4646 852 4723 (loco
867 4652 1005 4733 proxime
1064 4643 1107 4711 ba
1125 4640 1204 4709 olim
1217 4642 1332 4711 incolas
1353 4576 1439 4711 sulse
1451 4641 1592 4712 constans
1610 4637 1655 4705 est
1670 4637 1803 4707 Auno·

277 4738 455 4821 allegatois
479 4732 530 4802 sed
549 4732 776 4801 cumexnetis
795 4735 827 4801 S.
840 4733 1004 4804 Cucufatis
1060 4756 1131 4803 rum
1152 4732 1277 4802 traditio
1295 4756 1335 4801 err
1356 4733 1493 4823 antiquis
1517 4728 1712 4812 Breviariis,
1735 4728 1803 4799 Le·

277 4820 520 4896 {Bollandianis
541 4826 598 4892 Pu.
612 4824 711 4893 allatis
735 4826 861 4904 (XXV0
876 4833 1007 4916 Iul-post
1064 4824 1242 4915 gendariis,
1265 4824 1467 4915 atqueAsiis
1493 4822 1629 4892 dedusia
1641 4868 1653 4903 ,
1675 4822 1713 4887 de
1735 4843 1802 4907 qua

277 4925 307 4994 9·
329 4917 405 5000 V.)
427 4917 547 4984 consset
571 4915 844 4985 Cucufatemcum
867 4916 970 4985 Felice
994 4922 1012 4985 e
1072 4918 1128 4988 Cl.
1153 4916 1312 4989 Florezius
1336 4916 1436 4988 nosler
1459 4916 1618 4989 (sitands.
1633 4920 1707 5002 Peg·
1721 4923 1803 4992 289.

276 5005 575 5087 patria,Caesircam
587 5009 708 5077 Vrbem
722 5005 904 5075 maritimam
926 5009 1012 5097 (quae
1070 5008 1109 5083 (a
1130 5022 1231 5096 307.)
1257 5010 1313 5079 De
1333 5006 1431 5094 patris
1455 5010 1530 5077 nihil
1550 5008 1625 5075 certi
1640 5007 1805 5091 habemus,

277 5115 359 5159 nunc
378 5104 479 5182 Algrr
502 5103 593 5181 vugd
624 5101 683 5170 effe
712 5096 923 5181 existiratur)
946 5102 1012 5168 slu-
1069 5124 1173 5192 neque
1194 5104 1219 5169 is
1242 5099 1369 5169 Ausior
1387 5102 1555 5192 quicquam
1575 5096 1737 5188 prodidit·

276 5180 401 5254 diorum
415 5184 507 5258 rausa
528 5188 760 5281 commigra'ffe:
785 5191 950 5277 suspicatus
963 5191 1011 5265 sui
1114 5196 1171 5284 (a)
1191 5198 1315 5285 arropl.
1339 5198 1457 5266 XXIX·
