4184 5904
307 302 503 455 ,70

548 529 712 615 Preffior
740 516 830 629 sane
855 517 1001 635 atque,
1030 528 1074 604 vt
1094 517 1340 606 Historicum
1371 515 1487 603 decet
1504 571 1518 619 ‚
1534 525 1686 606 cautior
1709 525 1748 607 in
1769 522 1849 610 hoc
1877 552 1944 611 ar·

431 662 622 760 gumento
662 642 808 732 incedit
837 631 1192 724 Reverendilsrmus
1221 643 1266 723 P.
1297 633 1485 745 Iosephus
1516 633 1760 749 Augustinus
1800 641 1939 727 Orsrus

430 770 513 850 Sac.
548 763 626 853 Pal.
647 757 784 875 Apoll.
814 758 909 841 dum
940 757 1019 838 haec
1048 746 1252 840 scribimus
1281 750 1494 863 Magister,
1521 783 1640 868 quem
1670 782 1757 839 curn
1792 759 1939 871 Hispa-

430 910 572 968 norum
609 880 809 966 sententiae
839 870 1027 984 refragari
1064 873 1233 982 primum
1259 861 1535 970 inaudiissem,
1563 873 1644 954 lraess
1679 872 1863 958 nonnihil
1894 879 1934 959 bt

430 997 569 1112 collegi
592 1024 749 1095 meme,
771 999 944 1079 rationes
975 989 1114 1106 quibus
1145 984 1209 1073 illa
1227 990 1446 1088 innititur,
1477 994 1642 1073 maxime
1673 989 1771 1077 verb
1799 996 1940 1077 conie-

429 1124 553 1201 cturas
596 1114 739 1201 nollras
769 1109 903 1197 denuo
940 1105 1011 1194 sub
1051 1131 1211 1192 examen
1242 1132 1426 1192 revocans
1458 1157 1473 1203 ,
1501 1101 1631 1220 deque
1661 1107 1752 1193 Viri
1785 1109 1936 1195 Eximii

428 1237 624 1345 gravitate
653 1257 696 1315 ac
721 1224 902 1315 doctrind
939 1221 1178 1319 muiracum
1208 1227 1341 1310 animo
1376 1250 1465 1308 meo
1499 1220 1661 1308 volvens
1693 1243 1705 1305 ’.
1738 1227 1875 1340 Atque
1906 1231 1937 1309 is

427 1349 587 1461 quidem
619 1354 659 1434 in
691 1372 832 1431 novam
861 1370 943 1455 que
974 1343 1162 1428 Romanis
1188 1336 1300 1427 favet
1326 1339 1559 1426 sententiam
1597 1340 1848 1453 propendere
1877 1348 1943 1431 vi·

426 1465 583 1565 detur,
611 1466 733 1549 immo
760 1461 900 1575 aperte
929 1455 1187 1548 Laurentium
1220 1457 1452 1545 Romanurn
1481 1461 1629 1545 Civem
1657 1459 1755 1544 dicit
1783 1512 1798 1560 ,
1829 1489 1938 1548 earn·

425 1610 505 1696 que
538 1586 577 1665 in
606 1610 687 1667 rem
714 1577 953 1666 Veronensis
978 1577 1279 1665 sacramentarii
1303 1603 1419 1690 quam
1456 1576 1578 1661 modi>
1605 1579 1807 1662 retulimus
1836 1605 1934 1664 con·

401 1726 405 1733 ·
428 1694 677 1785 testationem
713 1698 825 1784 affert
854 1695 990 1814 (a);
1023 1693 1160 1783 veriam
1188 1722 1279 1780 cnm
1306 1699 1389 1780 eius
1421 1694 1717 1780 contestationis
1742 1693 1932 1793 verbm,

428 1843 664 1928 quamquam
694 1809 802 1900 illico
825 1815 1028 1902 Laurentii
1057 1819 1224 1929 patriam
1251 1804 1468 1925 preseserre
1497 1809 1735 1911 videantur,
1765 1840 1844 1898 non
1864 1841 1935 1926 pe-

429 1937 540 2018 nitus
564 1941 739 2021 animum
766 1932 1045 2049 tranquillent‚
1083 1925 1384 2047 multiplicisque
1409 1932 1748 2039 interpretationis
1777 1936 1934 2042 capacia

426 2046 500 2136 ssot
532 2045 720 2164 (dequo
743 2046 903 2136 inseritis
927 2080 974 2135 ex
999 2049 1075 2138 alle
1093 2053 1318 2136 inlliruetur
1344 2047 1473 2134 sermo
1490 2050 1536 2168 ):
1570 2074 1647 2132 noo
1674 2046 1767 2133 satis
1794 2046 1936 2159 explo-

425 2186 554 2250 ratum
584 2168 762 2251 habemus
792 2196 876 2281 quo
900 2169 1012 2256 sensu
1045 2166 1110 2253 Cl.
1139 2171 1292 2255 Auster
1322 2170 1467 2253 Civem
1504 2170 1728 2250 Romanum
1760 2163 1937 2251 Lauren·

428 2283 529 2366 tium
562 2281 746 2366 dixerit.
780 2286 837 2367 Si,
856 2305 987 2370 autem
1015 2293 1054 2370 in
1083 2285 1351 2371 absolutissimi
1379 2286 1525 2394 Operis
1556 2283 1640 2364 His
1661 2276 1842 2392 unisque·
1861 2309 1939 2366 no·

425 2395 509 2481 siris
538 2396 741 2514 gratisfimi
771 2399 865 2511 (b)
893 2398 1060 2484 decursu
1093 2427 1204 2485 novae
1238 2398 1316 2484 sese
1351 2405 1550 2509 opinionis
1580 2426 1602 2481 a
1634 2418 1806 2483 errorem
1843 2427 1942 2512 pro-

425 2512 494 2600 dat
527 2544 538 2600 ε
572 2542 651 2598 non
681 2533 760 2599 tarn
786 2536 901 2627 turpe
927 2518 1040 2601 nobis
1070 2515 1134 2601 vel
1162 2523 1266 2603 vinci
1303 2519 1462 2600 ritanto
1493 2514 1634 2618 Viro,
1664 2515 1784 2630 quim
1811 2545 1941 2627 cunta,

422 2659 497 2730 eo,
529 2661 603 2744 pro
634 2632 769 2717 Patria
800 2624 1047 2720 contendisse
1075 2632 1260 2721 decorum
1288 2626 1437 2720 suerit.

419 2842 422 2847 .
537 2753 669 2860 Atque
701 2749 805 2836 hunc
836 2751 998 2865 quidem
1026 2751 1299 2840 controversia
1333 2747 1384 2835 de
1412 2754 1615 2838 Laurentii
1645 2760 1770 2865 patria
1799 2751 1937 2841 ilatum

423 2853 527 2966 etse,
559 2892 683 2975 eoque
719 2864 865 2948 locoac
881 2862 1108 2946 discrimine
1127 2864 1359 2946 sententiam
1389 2887 1474 2968 quae
1506 2865 1690 2967 Hispanis
1716 2867 1822 2951 favet
1843 2897 1939 2952 ver-

421 2973 494 3060 sari
522 2980 783 3085 comperimus
808 2974 858 3058 ad
881 3001 1027 3060 annum
1054 2973 1307 3058 MDCCLV.
1341 3000 1424 3084 quo
1454 2972 1531 3056 lraec
1563 2971 1761 3065 scribimus
1792 3040 1801 3059 .
1833 2982 1934 3072 An„

303 3172 317 3187 ,
422 3110 560 3178 autem
591 3089 731 3202 nuperi
760 3091 977 3200 Scriptores
1001 3090 1067 3175 alii
1094 3143 1108 3191 ,
1140 3116 1250 3177 norae
1275 3089 1457 3200 opinioni
1479 3090 1744 3181 Laurentium
1772 3095 1931 3184 Roma·

420 3212 480 3292 nis
511 3206 759 3296 adiudicanti
786 3200 1055 3310 subscribant,
1092 3212 1285 3296 incertum
1305 3206 1512 3290 habemus.
1545 3209 1672 3296 Nobis
1701 3211 1809 3298 certe
1827 3241 1931 3326 pra:-

421 3342 483 3409 ter
513 3326 702 3412 addut'tos
732 3324 927 3410 neminem
956 3324 1142 3411 haetenus
1162 3322 1299 3412 uidere
1329 3322 1472 3422 licuit,
1503 3353 1671 3438 quorum
1695 3332 1867 3441 proinde
1887 3360 1931 3417 ac

418 3441 621 3528 bianchini
652 3447 827 3529 rationes
850 3439 1171 3557 contentusque
1207 3442 1276 3527 suo
1305 3439 1393 3527 loco
1419 3466 1464 3526 ac
1489 3460 1670 3556 tempore
1705 3445 1932 3561 singulatim

418 3559 712 3670 expendemus.
746 3561 905 3647 Interea
947 3561 1039 3645 verb
1065 3562 1130 3646 vbi
1159 3560 1206 3644 ab
1236 3558 1364 3644 altero
1395 3583 1532 3644 eorum
1562 3565 1714 3679 causam
1740 3586 1823 3680 'pro
1852 3569 1935 3653 Ro·

342 3771 357 3777 „
418 3683 542 3763 manis
573 3677 747 3775 dissum,
775 3675 825 3757 ab
852 3677 977 3761 altero
1002 3675 1299 3786 demorfhatam
1328 3691 1447 3784 atque
1471 3680 1793 3794 incontroaersam
1818 3709 1931 3789 rem,

417 3791 466 3876 ab
495 3791 585 3878 aliIs.
620 3789 780 3878 tandem
808 3789 885 3874 alia
918 3791 1075 3902 impune
1104 3790 1290 3875 affirmari
1321 3790 1707 3879 animadvertimus:
1753 3827 1834 3882 non
1871 3798 1932 3886 se-

418 3906 496 3988 mel
527 3913 565 3988 in
591 3929 766 3993 mentem
797 3909 936 4006 venit,
969 3935 1063 3992 num
1081 3934 1160 3992 non
1189 3902 1292 3992 secus
1321 3927 1441 4022 atque
1459 3910 1498 3990 in
1526 3905 1671 3995 bellicis
1696 3914 1811 4000 rebus
1839 3915 1926 4003 fieri

418 4020 628 4123 ridemus,
658 4024 695 4108 &
727 4028 767 4107 in
795 4022 854 4108 bis
884 4049 1046 4137 quoque
1075 4024 1263 4110 litterarii
1292 4031 1514 4140 argumenti
1541 4031 1820 4127 controversis
1853 4036 1928 4119 mi-

417 4132 549 4227 litares
579 4139 678 4227 astris
707 4140 978 4252 deprimendis
1003 4143 1253 4230 inimicorum
1276 4142 1416 4229 animis
1437 4146 1652 4254 comparati
1678 4150 1927 4260 procedant3

1859 4297 1928 4354 eo·

459 4475 518 4560 (a)
549 4472 604 4545 cl.
626 4472 677 4546 M·
700 4475 813 4550 Orsins
832 4486 913 4562 Hla.
938 4486 1022 4553 Ercl.
1050 4480 1146 4553 Tom.
1205 4480 1343 4554 mentarii
1356 4480 1606 4555 contestationem
1623 4488 1746 4572 laudat)
1764 4490 1798 4554 ali
1819 4498 1867 4562 cal
1883 4496 1929 4559 rl·

341 4612 344 4617 -
414 4565 482 4632 Ill.
505 4567 576 4636 Lib.
591 4570 688 4638 Vlll.
709 4577 734 4638 s.
762 4572 1062 4663 cxlv.1³2g.440.
1078 4572 1147 4645 Ro·
1202 4585 1235 4647 lu
1258 4599 1313 4645 narr
1328 4601 1409 4648 menn
1428 4589 1626 4652 rrrerr'rrrrrerte
1645 4585 1675 4670 fi
1684 4585 1930 4667 gloriaretur.

349 4692 356 4703 ·
414 4658 720 4740 manaeedit.1750·
744 4660 841 4730 sormi
862 4662 1010 4735 ottavs:
1036 4675 1144 4737 Attri-
1201 4673 1372 4758 rusulenrme
1387 4676 1419 4740 di
1431 4676 1598 4759 Stephano.

415 4752 513 4835 boisce
539 4752 745 4839 <inquinem
764 4760 890 4844 ispecr‘al
905 4764 985 4828 modo
1007 4764 1143 4829 Pruden-
1247 4759 1328 4840 (b)
1350 4759 1543 4828 Auditur&
1567 4762 1649 4846 apud
1674 4784 1728 4831 nos
1749 4756 1792 4830 R·
1814 4763 1848 4832 P.
1872 4761 1925 4832 M.

413 4846 457 4909 rr'o
471 4847 503 4909 la
522 4849 823 4936 intlernconnerssrre
843 4852 876 4916 dr·
891 4857 985 4919 Roma
1001 4857 1060 4918 alle
1068 4866 1142 4938 pre·
1201 4846 1313 4921 Orsrus
1334 4851 1470 4936 Hispana
1493 4852 1621 4940 loquens
1641 4882 1649 4925 :
1674 4853 1742 4926 eius
1760 4851 1843 4922 eninr
1860 4863 1925 4924 Hi«

408 4935 541 5014 gerere,
568 4938 752 5018 alimerici,
783 4944 850 5007 eal
861 4944 995 5028 glorioso
1016 4947 1144 5029 Marty-
1192 4949 1287 5032 storia
1319 4948 1516 5031 Errlefinsticn
1547 4943 1580 5010 r'n
1613 4943 1786 5035 Hispanum
1804 4944 1926 5013 'sermo-

346 5060 351 5067 ·
413 5027 458 5087 ria
477 5026 508 5123 dl
529 5031 626 5110 quesso
641 5031 700 5112 suo
722 5035 839 5115 illustre
860 5036 1016 5101 Citrudlrro
1039 5027 1142 5111 (Lm-
1200 5056 1272 5100 nem
1294 5033 1438 5101 conversa
1458 5032 1565 5123 magnai
1579 5058 1619 5104 ex
1642 5052 1727 5122 parte
1749 5036 1848 5104 lucem
1863 5038 1925 5109 iam

305 5212 307 5218 Ι
413 5126 547 5181 renuum
567 5111 740 5207 intelligit.
764 5122 799 5190 δι
823 5118 1012 5193 Veronensis
1034 5120 1143 5193 Sacra.
1200 5123 1281 5195 sidit
1302 5122 1536 5207 Matritenfibus
1553 5125 1638 5220 typis
1657 5127 1905 5216 elegantiffimis.
1974 5206 1977 5212 ,
