4184 5904
1690 412 1796 530 127

289 621 429 722 tyrum
460 600 567 711 Regi
597 600 704 691 inter
728 603 973 689 flammarum
997 597 1173 686 turbines
1204 596 1350 687 obtulit
1375 650 1390 700 ‚
1417 592 1613 709 paulisper
1638 595 1795 683 confer·

283 752 355 813 re:
384 720 505 837 quim
528 716 674 806 scilicet
688 721 880 833 primaeua
896 716 1030 821 illius,
1060 722 1099 803 &
1121 740 1166 805 vt
1182 718 1235 803 ita
1257 719 1432 805 dicamus
1454 716 1673 827 archetypa:
1700 742 1794 801 ora·

282 845 407 930 tionis
441 834 582 937 stilus,
625 862 702 948 pra
730 837 958 954 posterioris
987 836 1098 924 huius
1125 832 1291 948 exempli
1320 893 1335 939 ,
1366 836 1602 944 caeteroquin
1634 829 1795 943 elegan-

290 956 461 1057 tiffimi,
489 951 731 1058 sublimior,
761 955 998 1052 efficacior,
1026 982 1070 1039 ac
1092 953 1372 1067 penetrabilior
1396 942 1489 1038 esset
1516 949 1528 1024 ἔ
1559 946 1695 1068 Qum
1720 974 1799 1061 pre

291 1076 559 1161 Laurentiano
584 1072 796 1163 Prudentii
819 1070 1024 1185 eloquium
1056 1067 1213 1173 infans,
1244 1065 1372 1157 fermo
1397 1069 1503 1156 rudis
1528 1118 1543 1164 ,
1573 1062 1796 1155 indiserte,

286 1186 497 1277 facundia!
528 1191 643 1316 Qus
670 1187 935 1280 Sandiilfrmus
966 1192 1104 1276 Levita
1130 1193 1300 1303 gemitus
1329 1244 1344 1292 ,
1373 1189 1592 1302 quainter
1623 1182 1797 1270 flammas

286 1304 584 1419 suspiria,quos
600 1309 783 1414 demum,
801 1308 1025 1395 natantibus
1052 1312 1129 1393 ianr
1148 1313 1189 1392 in
1204 1325 1336 1392 morte
1353 1301 1498 1401 oculis,
1511 1298 1684 1412 superna
1700 1327 1800 1415 pra-

284 1422 507 1510 hauriendae
532 1422 611 1509 luci
642 1429 841 1531 conieslris
867 1423 981 1513 Caelo
1019 1454 1101 1512 non
1132 1424 1348 1532 infigeret!
1378 1420 1688 1507 Succutrrbereut
1716 1414 1801 1530 pla-

281 1536 337 1627 ne
374 1539 512 1629 Attica
545 1542 796 1633 &Romana
826 1542 1050 1640 facundia,
1094 1541 1156 1631 uel
1188 1540 1215 1624 sr
1245 1535 1521 1626 adumbrando
1552 1534 1799 1622 Invieiillimi

286 1658 479 1768 Martyris
503 1663 633 1771 ignito
658 1659 754 1750 veria
780 1661 938 1773 eloquio
958 1658 1110 1747 'collatis
1128 1658 1330 1771 utrimque
1356 1657 1506 1747 uiribus
1525 1655 1797 1739 coniurarent.

287 1775 373 1859 Nos
394 1792 525 1859 tamen
549 1774 600 1862 ad
622 1782 786 1898 propria
809 1778 1037 1866 redeamus.
1786 1882 1795 1900 ι

408 1892 547 2003 Pergit
577 1892 742 1985 subinde
771 1901 902 1984 Poeta
936 1896 1066 1982 noller
1087 1918 1272 1981 enarrans
1294 1904 1487 2007 quantum
1514 1917 1562 1979 ex
1588 1890 1796 1973 Laurentii

293 2007 502 2119 triumpho
531 2011 768 2100 Christianis
791 2014 884 2101 fidei
910 2042 955 2099 ac
983 2012 1173 2110 roboris,
1201 2012 1384 2097 Ethnicis
1419 2026 1549 2094 autem
1575 2009 1799 2114 ignominiae

293 2148 338 2206 ac
359 2119 564 2211 dedecoris
594 2130 822 2233 accesserit,
851 2135 996 2218 horum
1012 2130 1200 2241 inquiens
1217 2127 1383 2213 delubra
1396 2122 1534 2211 senfim
1558 2116 1710 2219 deseri,
1727 2123 1802 2205 Ec-

292 2235 422 2324 clefias
448 2243 547 2328 verb
573 2255 698 2362 magis
724 2250 764 2335 in
784 2247 868 2338 dies
894 2245 1164 2364 frequentari.
1196 2242 1363 2333 Invidet
1384 2242 1450 2355 pic
1468 2243 1657 2328 Romanis
1686 2232 1800 2351 qubd

292 2349 408 2441 sacris
432 2359 639 2449 Laurentii
667 2373 819 2453 exuuiis
850 2373 1080 2479 potiantur,
1108 2359 1249 2474 easque
1277 2355 1479 2476 presentes
1503 2356 1682 2445 venerari
1709 2351 1800 2466 pos·

287 2465 399 2572 finis
428 2472 468 2555 id
494 2476 608 2590 quod
635 2476 703 2591 ipfi
736 2498 797 2569 tot
826 2482 1002 2569 locorum
1037 2476 1251 2567 intervallis
1278 2481 1329 2565 ab
1357 2479 1466 2565 Vrbe
1495 2466 1689 2561 disrunslo
1722 2477 1800 2556 mi·

288 2584 398 2671 nimi:
430 2590 658 2679 concessum
688 2594 763 2681 srt.
795 2599 926 2684 Addit
951 2615 1137 2712 praterea
1159 2614 1312 2684 tantam
1339 2590 1461 2687 inesse
1483 2595 1684 2679 Laurentii
1715 2614 1803 2675 me·

288 2704 377 2787 ritis
406 2702 617 2794 efficaciam
637 2763 651 2812 ‚
681 2731 725 2799 vt
748 2714 876 2800 nullus
901 2715 950 2801 ab
973 2722 1053 2803 eius
1076 2708 1257 2824 sepulcro
1284 2710 1402 2799 trillis
1426 2728 1497 2798 aut
1522 2734 1664 2799 vacuus
1679 2704 1804 2792 disce-

284 2814 355 2904 dat
383 2841 399 2921 3
428 2849 472 2908 ac
512 2821 672 2913 demum
705 2834 809 2918 inter
832 2829 1010 2919 eiusdem
1050 2827 1172 2917 cultui
1208 2828 1387 2918 addidos
1417 2824 1589 2942 benigne
1619 2823 1801 2913 exaudiri
1892 2918 1895 2923 ¹

280 2959 580 3045 comprecatur.
614 2943 674 3023 En
702 2945 958 3029 Laurentiani
986 2944 1201 3031 Prudentii
1219 2950 1358 3057 hymni
1374 2944 1566 3032 summam
1591 2971 1635 3030 ac
1659 2941 1801 3027 seriem

279 3051 500 3138 universam
526 3110 541 3156 ,
574 3057 616 3137 in
643 3084 726 3165 quo
752 3059 933 3144 nonnihil
957 3058 1087 3145 forsan
1111 3060 1163 3147 ad
1189 3061 1392 3149 Blauchiui
1429 3060 1681 3176 propositum
1714 3056 1803 3170 spe·

280 3175 387 3265 stans
420 3170 627 3255 invenient
652 3166 890 3258 oculatiores
915 3174 981 3259 alii
1007 3198 1023 3276 3
1054 3177 1152 3260 mihi
1185 3179 1294 3263 cerr‘e
1328 3207 1561 3293 quamquam
1593 3179 1679 3293 plus
1709 3202 1803 3260 cen·

279 3285 354 3371 ties
385 3284 584 3399 hymnum
611 3279 811 3396 legerim,
840 3286 893 3372 ne
923 3288 1086 3375 verbum
1118 3288 1280 3404 quidem
1307 3292 1361 3378 de
1390 3322 1440 3379 eo
1467 3316 1704 3409 argumento
1733 3318 1799 3379 re·

279 3406 411 3512 perire
441 3402 642 3510 contigit.

399 3518 536 3630 Atque
563 3516 754 3603 hactenus
780 3518 830 3606 ad
858 3519 1065 3609 blanchini
1092 3524 1277 3610 obieeta.
1310 3523 1389 3612 Sed
1416 3527 1598 3614 noudum
1619 3554 1688 3612 nos
1707 3526 1799 3609 hinc

281 3634 392 3720 abire
418 3634 512 3719 finit
547 3630 647 3727 alter
671 3636 873 3725 Merenda
904 3640 1106 3756 scrupulus
1133 3700 1148 3745 ‚
1177 3669 1296 3757 quem
1335 3662 1468 3733 tamen
1500 3644 1585 3761 ipse
1613 3640 1800 3729 validilsr·

282 3779 390 3836 mum
418 3770 696 3867 argumentum
728 3752 809 3842 esse
834 3756 1052 3847 arbitratur
1082 3820 1093 3847 .
1124 3760 1229 3851 Cum
1257 3767 1364 3850 enim
1392 3762 1636 3852 Prudentius
1673 3788 1799 3845 vnum

279 3863 376 3953 illud
401 3870 589 3959 Romana
612 3873 747 3987 gloriae
771 3868 938 3961 defuisse
961 3875 1135 3981 scribat,
1165 3898 1212 3967 ut
1240 3881 1326 3993 poll
1354 3878 1555 3975 domitum
1582 3880 1797 3971 Terrarum
1950 3898 1964 3923 ⁸

281 3983 464 4093 Orbem,
494 3983 674 4102 spurcum
701 4014 861 4108 quoque
883 3991 1021 4080 Iouem
1050 4002 1228 4083 uinceret
1258 3995 1358 4111 (a),

566 4231 656 4313 Non
677 4226 915 4321 turbulentis
941 4229 1094 4323 ultibus

629 4344 681 4429 Co
703 4375 744 4445 a,
774 4350 962 4454 Camilla,
992 4370 1066 4440 aut
1089 4346 1287 4465 Castris,

623 4462 707 4546 Sed
723 4466 917 4580 Martyris
942 4494 1177 4555 ravneunrr

623 4581 713 4667 Non
735 4588 933 4676 incruento
950 4587 1124 4703 praello:

276 4804 434 4893 Confici
468 4804 561 4895 inde
602 4829 716 4922 putat
755 4818 931 4927 praefatus
955 4822 1150 4920 Artior,
1190 4837 1308 4933 atque
1348 4822 1553 4914 euidenter
1591 4819 1796 4937 consequi,

274 4922 533 5011 Laurentium
561 4928 712 5018 aclaris
734 4931 809 5021 illis
824 4939 1006 5029 Ducibus
1022 4966 1150 5059 ,quos
1178 4941 1221 5025 in
1251 4969 1297 5029 ea
1315 4934 1474 5058 llrophe
1492 4944 1672 5031 nominat
1694 4947 1797 5142 gru·
1941 5066 1944 5071 Ι

1726 5086 1799 5145 en-

312 5174 362 5273 [tl
382 5191 506 5282 sarpa
530 5202 593 5273 W·
618 5200 656 5274 i·
686 5219 739 5286 ¹3·
761 5198 801 5279 <t
820 5207 915 5294 star·
