4184 5904
1567 378 1628 454 11

502 560 1301 676 CAPVTVI.
1643 379 1675 489 Ἰ

257 811 571 952 Expenduntur
599 816 691 917 alia
719 855 776 918 ex
800 813 1107 920 Laurentiano
1129 819 1370 923 Prudentia·
1399 819 1570 955 Hymna

401 1070 414 1081 ¹·
533 992 686 1063 cantra
715 958 1001 1201 Histctiatgaggttu
1025 962 1290 1096 sententiam

834 1137 912 1199 tu
956 1134 1011 1203 a.

286 1371 491 1457 Ecundum
524 1370 727 1461 blanchini
757 1390 1031 1490 argumentum
1058 1372 1243 1460 adverstis
1269 1391 1461 1488 receptam
1495 1373 1546 1458 de
1569 1373 1676 1457 [ω’

158 1389 263 1692 S
299 1494 418 1574 rentii
459 1486 584 1601 patrii
622 1491 854 1579 sententiam
885 1492 1064 1576 nostratis
1094 1491 1300 1579 Prudentii
1328 1493 1482 1578 silentio
1509 1487 1676 1573 conclu-t

301 1603 433 1691 ditur.
466 1608 780 1721 Magnisecerat,
807 1628 851 1696 vt
882 1634 1005 1719 nuper
1036 1604 1237 1710 vidimus,
1266 1608 1372 1720 prior
1400 1605 1463 1691 ille
1490 1608 1672 1715 Scriptus

158 1727 424 1814 coniesiuram
453 1720 562 1807 suurn
593 1753 641 1811 ex
672 1725 949 1813 Tarraconem
978 1727 1219 1809 Oratinnum
1246 1722 1380 1809 libello
1409 1716 1670 1833 desumptum

153 1838 292 1929 subdit
321 1857 454 1922 autem
476 1843 672 1927 continui>
702 1839 817 1951 (a):
850 1846 930 1929 Cui
954 1863 1088 1931 tamnu
1114 1845 1260 1928 acctdt't
1283 1861 1549 1954 argumentum
1567 1841 1671 1922 alta·

155 1987 247 2049 tutu
271 1984 318 2043 tta
349 1957 561 2045 Prudentia
592 1980 840 2048 mutuatum.
874 1960 950 2045 Hic
978 1959 1105 2070 uampt’
1119 1955 1217 2067 stlat
1242 1962 1371 2047 natale
1381 1954 1512 2071 salam
1541 1954 1673 2062 magui

154 2078 369 2162 Laurentii
381 2132 390 2151 .
427 2079 482 2160 At
494 2072 546 2186 st
563 2080 608 2161 iu
634 2074 825 2192 Hispania
857 2096 970 2163 uatus
993 2074 1080 2189 estat
1101 2078 1242 2159 Levita
1265 2067 1549 2187 Saussiffltuuu
1579 2064 1672 2180 His-'-

153 2213 280 2306 panus
304 2187 421 2275 Parta
451 2218 524 2274 nau
540 2191 685 2303 filaret
714 2253 722 2273 ·
758 2200 806 2282 ld
827 2190 906 2307 inst
930 2198 973 2275 t‘u
998 2217 1099 2275 tuate
1124 2187 1299 2301 unu-fait
1332 2200 1377 2273 t'u
1404 2191 1545 2298 hymnis
1580 2210 1671 2297 quat

158 2310 206 2394 da
234 2308 389 2393 „sauata
420 2311 696 2399 Natiaualibus
726 2318 888 2399 cecinit.
917 2304 1125 2390 Subfillere
1160 2304 1260 2403 hic,
1288 2303 1441 2415 seseque
1471 2301 1670 2385 tantillum

153 2418 348 2533 colligere
379 2422 613 2509 blanchinus
645 2425 829 2528 videtur,
861 2421 1008 2506 deinde
1042 2422 1136 2507 verb
1167 2418 1267 2532 quast
1300 2418 1490 2504 subiratus
1510 2422 1668 2528 pergit:

151 2543 289 2629 Vatum
319 2540 452 2649 (quid
475 2549 539 2624 aia
556 2540 605 2653 ?)
635 2569 705 2626 nau
722 2539 845 2655 filet·
879 2540 1036 2622 Rumam
1062 2539 1116 2623 ad
1140 2542 1244 2624 calar
1275 2537 1429 2625 trehit.
1463 2538 1666 2617 Romanu
1742 2627 1746 2635 ,

146 2675 350 2772 parentem
377 2654 505 2738 aicit.
539 2655 710 2767 Obscura
721 2659 837 2770 saut·
855 2661 1011 2769 quidem
1041 2660 1125 2741 aiut
1150 2650 1368 2769 testimonia
1395 2704 1410 2751 ‚
1425 2648 1505 2767 scd
1531 2646 1665 2732 iamai

153 2771 258 2859 uubis
284 2772 451 2854 tlatt‘ata
471 2770 602 2880 satut-
638 2777 835 2858 amenas
860 2770 1117 2859 blanchinus.

268 2884 358 2992 Ego
389 2884 483 2965 verb
510 2886 655 2971 nollem
684 2890 733 2970 de
761 2891 839 2974 hoc
869 2904 1108 2998 argumento
1130 2889 1341 2973 Lemurum
1372 2881 1564 2968 iudicium
1594 2910 1669 2967 an-

159 3013 388 3098 tevertere,
419 3018 487 3082 aut
513 3000 729 3089 maledictis
751 3030 841 3086 curn
874 3000 1092 3087 blanchino
1133 2999 1361 3088 decertare.
1394 3001 1503 3117 Qia
1537 3008 1670 3085 tamen

158 3112 314 3227 prolixe
341 3112 438 3195 mihi
476 3143 564 3199 cum
595 3144 674 3215 eo,
703 3116 830 3225 deque
858 3118 970 3201 rebus
1003 3119 1116 3203 nilrili
1150 3119 1347 3227 agendum
1380 3118 1472 3200 cll:
1515 3113 1540 3198 sr
1572 3114 1669 3224 quid

154 3226 277 3317 forsan
303 3225 433 3338 paullo
461 3225 595 3315 durius
623 3249 689 3315 aut
715 3232 1028 3315 inclementiusa
1048 3231 1320 3316 nobisdiuum
1352 3235 1490 3317 Lector
1520 3233 1669 3342 depre-

153 3345 372 3442 henderit,
402 3338 625 3455 responsum
654 3342 725 3440 id,
754 3342 912 3452 quaeso,
947 3346 1203 3429 nondictum
1233 3343 1458 3443 existimet3
1487 3367 1573 3430 tum
1602 3374 1670 3433 ve-

155 3465 203 3548 rb
230 3467 312 3544 eius
346 3484 431 3568 quae
463 3464 503 3543 in
533 3461 592 3543 his
624 3457 801 3571 legendis
832 3456 1042 3543 necessario
1078 3458 1257 3543 facienda
1284 3461 1338 3542 est
1375 3460 1469 3542 boni
1500 3463 1576 3542 orii
1609 3467 1669 3543 ie-

156 3584 306 3670 ctura,
335 3596 403 3659 aut
434 3574 461 3658 sr
493 3575 600 3689 quod
643 3600 828 3688 praterea
857 3573 1134 3661 devorandum
1163 3574 1217 3661 est
1242 3571 1399 3658 taedium
1432 3626 1448 3674 ,
1477 3600 1557 3656 non
1591 3573 1665 3655 in)

156 3690 383 3802 11102qu'asr
415 3690 526 3779 vltrb
553 3697 681 3779 inania
705 3690 946 3780 consectatus
974 3685 1148 3797 fuerim,
1180 3691 1246 3778 sed
1276 3697 1315 3775 in
1334 3716 1425 3777 eum
1456 3692 1479 3778 al
1509 3717 1591 3805 quo
1622 3707 1666 3777 vt

166 3810 372 3897 scriberem
400 3807 555 3898 edacius
586 3809 668 3897 sum
697 3806 849 3922 culpem
872 3815 1049 3896 reiiciat.

270 3928 453 4037 Qaruor
481 3929 617 4040 itaque
644 3924 809 4011 tlrefibus
837 3926 1040 4011 Blanchini
1071 3941 1350 4039 argumentum
1374 3925 1552 4029 constat,
1581 3951 1667 4037 qua:

161 4036 304 4126 ordine
331 4040 355 4125 ὲ
386 4041 496 4127 nobis
523 4037 788 4129 examinanda
814 4036 933 4127 sunt.
964 4042 995 4121 1.
1034 4042 1299 4125 Prudentium
1327 4040 1436 4128 silere
1461 4046 1667 4129 Laurentii

155 4159 358 4270 petriam.
394 4160 448 4238 11.
478 4158 650 4245 Minime
689 4155 793 4242 illam
825 4157 980 4243 silentio
1010 4154 1399 4267 praetereundam‚sr
1433 4162 1665 4243 Laurentius

154 4278 199 4358 in
232 4271 419 4386 Hispania
452 4296 563 4360 natus
593 4266 762 4361 suisset.
808 4274 883 4356 ΙΙΙ.
918 4276 1011 4357 Νοη
1042 4276 1160 4358 nroris
1198 4264 1311 4355 fuisse
1345 4271 1567 4361 Prudentio
1595 4281 1665 4362 in,

154 4390 315 4497 hymnis
343 4417 444 4502 quos
476 4390 526 4476 de
554 4392 704 4475 Sanctis
734 4387 1012 4475 Nationelibus
1037 4391 1180 4473 cecinit
1209 4388 1393 4471 indistans
1427 4419 1566 4475 eorum
1595 4418 1665 4501 pu·

156 4513 276 4590 triam
306 4505 524 4618 relinquere
552 4565 562 4586 .
593 4510 667 4595 IV.
695 4510 835 4617 Neque
864 4525 1033 4606 tamen,
1063 4506 1183 4591 modb
1207 4504 1297 4619 quis
1320 4511 1497 4592 aninrum
1524 4508 1664 4591 adner-

155 4638 243 4724 tut,
273 4628 442 4707 omnino
476 4620 738 4709 Prudentium
762 4622 993 4708 dissimulare
1024 4630 1063 4707 in
1092 4622 1204 4708 Vrbe
1234 4618 1380 4706 natales
1406 4614 1562 4708 haufille
1587 4628 1665 4708 Le-

154 4738 605 4840 vitamSant‘lissimum-,
634 4740 958 4855 quandoquidem
982 4740 1150 4829 Rumam
1181 4734 1228 4824 ad
1260 4734 1399 4840 caelos,
1424 4740 1559 4830 evehit
1581 4741 1666 4825 Ro-

158 4880 259 4943 tnani
288 4875 491 4970 parentem
519 4854 644 4943 dicit.

1579 4978 1667 5061 Pri-

202 5124 264 5203 (θ)
290 5128 405 5195 autaut·
428 5134 515 5201 CVI·
540 5132 618 5222 Peg·
640 5128 791 5199 CCXCII·
