4156 5910
273 344 385 489 '148

395 561 559 648 Videres
589 557 850 649 Blanchinum
883 558 1091 662 exultare3
1121 560 1397 675 triumphare3
1425 551 1570 644 causam
1601 584 1673 670 pro
1697 561 1794 647 Ro·

275 688 400 771 arianis
423 680 567 763 dietam
596 681 803 797 evestigio
819 673 1011 781 asserere,
1040 680 1188 791 sibique
1212 677 1467 791 infrequenti
1495 680 1655 762 Parrum
1684 706 1800 764 con·

278 804 423 896 cione,
451 794 559 910 quod
589 798 752 884 Paulum
785 800 914 884 civem
941 795 1236 885 Illullrissrnrom
1263 796 1376 881 Vrbi·
1393 786 1645 893 reslituilset,
1673 820 1802 905 quer-

272 943 364 1001 nam
384 943 493 999 more
510 917 702 998 maiorum
726 916 912 1025 poscere.
944 917 1101 999 Contri
1129 918 1225 1003 verb
1253 913 1436 1000 miserunt
1457 911 1567 996 illum
1599 915 1671 1024 qui
1688 912 1797 995 Tar·

274 1026 436 1119 sensium
462 1054 589 1144 partes
604 1054 764 1139 ageret,
795 1036 1055 1145 nequicquam
1071 1031 1280 1119 inclamare
1298 1034 1529 1144 Sapientum
1546 1026 1698 1125 fidem,
1727 1027 1798 1113 lo-

275 1178 440 1261 cumque
467 1147 575 1232 illum
604 1150 796 1233 Astorum
829 1174 908 1231 non
940 1151 990 1234 de
1014 1149 1125 1236 Pauli
1160 1151 1328 1263 patria,
1356 1148 1425 1232 sed
1456 1149 1505 1232 de
1534 1152 1618 1230 iure
1640 1144 1797 1233 Rorna-

275 1296 332 1355 na
358 1268 531 1352 civitatis
563 1321 578 1368 ,
607 1263 672 1349 seu
703 1265 929 1377 municipali
957 1320 972 1366 ,
1000 1274 1083 1381 quo
1111 1268 1253 1354 Tarsus
1287 1291 1336 1354 ex
1368 1268 1552 1363 Dionis,
1582 1258 1705 1346 Plinii
1731 1280 1800 1351 at·

274 1412 352 1495 que
376 1381 491 1495 ipsus
517 1382 628 1468 Pauli
656 1385 879 1471 testimonio
910 1382 979 1503 (a)
1009 1383 1240 1486 fruebatur,
1271 1382 1577 1498 intelligendum
1609 1372 1684 1465 esse
1713 1381 1794 1470 ob·

274 1500 432 1610 testari3
464 1521 624 1613 urgeret
652 1505 758 1585 enirn
789 1529 834 1586 ex
861 1498 1023 1589 adverso
1052 1503 1283 1589 blanchinus
1312 1554 1327 1600 ‚
1359 1530 1431 1587 nec
1465 1500 1615 1583 tautum
1644 1525 1696 1582 eo
1725 1499 1791 1584 lo-

272 1647 322 1704 co
348 1616 512 1700 Paulum
529 1623 744 1706 Romanam
774 1626 894 1706 ciuem
926 1621 991 1729 (id
1018 1628 1127 1708 enim
1155 1648 1236 1707 non
1268 1626 1367 1705 tanti
1396 1614 1531 1733 else),
1563 1608 1631 1699 sed
1659 1614 1792 1702 diser-

273 1731 414 1820 tissime
448 1753 586 1824 aarum
621 1741 871 1845 pronuntiari
903 1764 915 1823 a
953 1744 1031 1824 iam
1059 1741 1156 1828 uero
1187 1759 1323 1830 aarum
1356 1735 1427 1822 nisr
1458 1738 1509 1820 de
1536 1735 1662 1844 patria
1690 1759 1789 1848 pro·

270 1844 361 1965 priie
394 1875 472 1935 non
501 1848 578 1933 dici
604 1903 618 1949 ,
648 1877 737 1936 narn
763 1850 925 1964 reliquae
960 1861 1045 1942 eius
1074 1858 1181 1945 vocis
1211 1855 1484 1967 usurpationes
1514 1846 1790 1949 translatitia,

270 1994 316 2053 ac
340 1968 614 2079 metaphorice
639 1966 732 2055 sunt
759 1996 772 2053 a
801 1966 1097 2061 frustratorem
1127 1974 1195 2063 vbi
1233 1978 1393 2085 propria
1427 1969 1601 2082 suppetit
1635 1966 1685 2052 ad
1714 1966 1794 2050 im·

269 2087 469 2198 propriam
498 2078 822 2195 fignificationem
850 2086 1190 2203 confugiendum.
1220 2089 1290 2173 Ad
1316 2088 1397 2170 hac
1421 2085 1681 2175 millenariam
1706 2084 1796 2169 Co·

268 2198 371 2285 dicis
394 2199 672 2310 antiquitatem
697 2256 714 2305 ‚
743 2210 1099 2323 auctoritatemque
1125 2209 1175 2293 ad
1212 2204 1344 2293 caelum
1372 2203 1558 2292 efferret:
1590 2201 1681 2284 bina
1707 2220 1794 2284 ter-

269 2344 373 2403 nave
397 2318 490 2400 hinc
519 2312 855 2429 illincnegativa3
883 2344 950 2409 aut
962 2322 1238 2410 coniecturalis
1263 2326 1419 2436 generis
1446 2340 1679 2429 argumenta
1701 2340 1794 2402 cor-

268 2429 457 2530 raderet,
489 2435 598 2541 quiis
613 2434 856 2543 praecipuum
877 2435 977 2518 illud
1006 2445 1046 2518 in
1073 2445 1199 2520 aciem
1217 2439 1402 2546 llipatunr
1421 2431 1693 2541 procederet3
1721 2457 1792 2516 eo·

302 2577 352 2635 ue
375 2548 537 2635 demum
565 2543 699 2632 sucato
727 2573 770 2631 ac
798 2544 927 2631 fallaci
956 2548 1161 2632 verborum
1191 2550 1385 2659 apparatu
1415 2545 1668 2631 Tarsensium
1698 2576 1793 2633 cau·

268 2578 317 2752 lae
343 2687 551 2780 patronum
587 2662 638 2747 ne
675 2661 824 2750 hiscere
857 2659 1017 2774 quidem
1046 2661 1187 2749 smeret
1216 2722 1226 2742 .
1271 2662 1356 2745 Iam
1384 2685 1516 2765 vero,
1543 2669 1791 2776 quicumque

271 2785 471 2870 incautior
504 2781 794 2869 Blanchinianis
824 2780 941 2865 dictis
971 2806 1107 2865 aurern
1135 2776 1453 2877 accomodaret,
1490 2801 1678 2892 quantum
1715 2781 1792 2870 ilie

276 2898 433 2989 detecta
465 2897 621 2985 demum
649 2924 724 3000 re,
755 2894 977 2983 ludibrium
1006 2895 1327 3009 prudentioribus
1353 2892 1542 2977 deberet!

392 3017 488 3097 Haec
520 3033 655 3097 autern
682 3014 730 3095 ei)
760 3017 964 3120 pertinent
992 3062 1008 3108 ‚
1038 3033 1082 3097 vt
1112 3017 1339 3097 meminerit
1362 3005 1596 3095 Blauchinus
1620 3016 1786 3210 quarn„

272 3162 355 3225 non
395 3146 544 3217 temere
574 3125 811 3212 centonibus
853 3121 959 3211 hisce
986 3125 1253 3232 consutitiis,
1298 3146 1342 3215 ut
1371 3126 1592 3212 maximeai
1641 3126 1791 3239 eipfis

141 3333 144 3349 ,
272 3251 466 3365 purpurei
491 3272 535 3330 ac
563 3240 859 3356 pretiosrsmt2
893 3242 959 3328 ubi
986 3243 1028 3329 in
1062 3244 1231 3332 aliorum
1263 3239 1417 3332 labores
1445 3240 1591 3331 dirersr
1624 3242 1794 3353 praser-

272 3374 349 3455 tim
379 3366 603 3479 argumenti
625 3360 919 3473 commigrant,
948 3357 1044 3447 fides
1061 3358 1368 3451 adhibendast.
1400 3356 1515 3477 Qid
1544 3360 1646 3445 verb
1671 3356 1794 3447 salle*

275 3484 367 3570 xilis
394 3494 580 3595 praterea
608 3476 806 3591 planeque
834 3476 1016 3589 ambigua
1044 3478 1089 3563 sit
1109 3478 1283 3595 ipsorum
1311 3476 1507 3568 sententia
1536 3474 1683 3589 (qualis
1700 3504 1792 3563 cer·

274 3599 318 3686 te
350 3596 589 3684 Veronense
621 3598 924 3681 Sacramentarii
949 3598 1001 3707 ⁸in
1043 3592 1133 3685 loco
1159 3599 1210 3684 de
1249 3625 1331 3709 quo
1360 3596 1513 3710 agimus
1537 3596 1792 3681 Conteslatio

274 3719 382 3827 etl),
410 3710 722 3829 multiplicisque
746 3715 1091 3823 interpretationis
1116 3715 1269 3826 capax?
1300 3714 1376 3799 Eat
1411 3738 1515 3796 nunc
1535 3737 1635 3824 ergo
1664 3738 1790 3799 curn,

275 3833 431 3918 Codice
462 3827 534 3915 suo
558 3826 790 3913 blanchinus
819 3880 833 3927 ,
862 3827 1028 3917 extollat
1055 3829 1172 3942 quim
1206 3828 1330 3942 potest
1356 3833 1438 3914 eius
1474 3834 1789 3940 antiquitatem

275 3947 427 4050 fidem,
458 3946 688 4057 caeterasque
715 3941 853 4031 dotes:
885 3974 1127 4062 nunquam,
1156 3952 1331 4059 opinor,
1364 3965 1408 4033 vt
1436 3951 1562 4056 gratis
1590 3974 1682 4031 eum
1710 3970 1790 4057 pu·

273 4092 362 4149 rum
389 4066 630 4148 Leonianum
659 4055 734 4146 elle
770 4057 1098 4164 concesserimus,
1129 4090 1220 4148 cum
1244 4067 1435 4149 Asturum
1462 4058 1797 4172 Apostolicorum-

271 4180 478 4266 r'olumiue
507 4177 813 4292 comparandum
846 4175 923 4267 else
949 4180 1221 4284 exillimabit3
1252 4207 1381 4294 neque
1404 4173 1496 4262 aliis
1529 4184 1705 4292 apertius
1732 4176 1789 4263 est

272 4301 574 4384 sacramentarii
601 4322 676 4409 pro
699 4294 905 4385 Laurentii
921 4296 1049 4410 Patria
1075 4295 1378 4400 testimonIum,
1409 4292 1528 4406 quam
1561 4324 1637 4411 pro
1666 4292 1783 4383 Pauli

261 4409 380 4500 locus
405 4416 595 4500 Adorurn
622 4438 735 4524 quem
759 4439 887 4527 nuper
914 4412 1198 4529 expendimus.

387 4531 469 4616 Iam
500 4528 644 4616 verost
673 4527 854 4616 volumus
878 4532 1101 4618 ·Blanchino
1123 4530 1366 4646 respondere
1394 4587 1410 4634 ,
1439 4559 1522 4647 quo
1546 4527 1655 4621 seusu
1681 4532 1782 4619 Pau·

225 4652 228 4659 '
270 4644 327 4733 lus
355 4650 396 4731 in
427 4646 574 4746 Actis,
603 4640 745 4730 eodem
784 4647 890 4733 &in
918 4647 1134 4736 Veronensi
1174 4654 1489 4737 Sacramentario
1522 4649 1780 4747 Laurentium
1846 4678 1849 4683 ’

269 4772 392 4854 ciram
417 4769 628 4855 Romanum
656 4757 768 4847 dici:
798 4764 898 4853 nihil
924 4768 973 4855 ab
995 4761 1192 4883 Hispania
1210 4767 1381 4856 Vrbibus
1413 4790 1496 4881 quae
1521 4763 1573 4855 de
1595 4766 1784 4863 Homero

1702 4911 1788 4971 no-

313 5056 363 5161 (ιι)
387 5056 500 5163 lislor·
514 5062 606 5131 XXI·
630 5060 853 5137 7·XXXIX·:
880 5072 907 5149 ,'‚
923 5073 989 5157 Ego
1048 5072 1074 5155 '„
1102 5076 1218 5140 Iardaerrs
1237 5075 1256 5141 d
1280 5072 1371 5154 Tarso
1393 5074 1515 5142 Cilicia
1531 5086 1593 5137 uon
1610 5061 1723 5157 iguotoe
1735 5058 1786 5145 ql·
1809 5026 1812 5033 Ι

267 5152 990 5249 2,(rnq11nt>au1us)trmsmqaraaenq
1048 5208 1076 5247 ‚,
1099 5160 1202 5231 vitatis
1222 5160 1379 5249 municeps
1393 5162 1457 5233 &a
1523 5166 1555 5189 ⁸
