4184 5904
431 302 513 419 44

548 448 807 574 Constitutus
828 493 961 605 itaque
990 491 1032 579 in
1050 491 1311 578 laurentiana
1335 480 1496 575 Basilica
1519 482 1738 591 Damasus,
1771 486 1810 575 id
1834 489 1944 603 quod

274 640 279 658 ·
322 694 334 711 ,
433 605 540 693 sadiu
570 599 798 690 facillimum
827 604 904 693 fuit
933 664 948 710 ‚
977 612 1110 719 ibique
1137 608 1262 692 statim
1293 608 1315 688 a
1343 599 1536 716 baptismo
1565 605 1678 719 (nisa
1704 607 1755 689 ob
1783 612 1972 731 viarum!

431 718 659 806 discrimina
676 726 715 804 in
733 721 947 835 patrii,vt
968 724 1104 834 potuit
1132 728 1231 841 (a),
1262 723 1484 833 baptizatus
1502 722 1655 834 pridem
1681 713 1834 835 fuisset)
1865 729 1945 812 Le·

432 845 589 923 diorum
632 835 797 946 collegio
828 835 1085 950 adscriptus,
1125 844 1331 954 egregium
1360 837 1459 922 illud
1489 846 1646 951 pietatis
1673 837 1946 953 doctrinaque

433 951 632 1069 specimen
668 953 850 1063 vesliceps
875 956 1044 1065 prebere
1073 957 1205 1068 potuit
1230 1007 1245 1053 ‚
1268 961 1453 1063 quoiam
1477 976 1591 1055 tum,
1623 950 1718 1040 telle
1744 954 1948 1066 Eginhar-
1974 986 1979 993 ·

432 1072 489 1158 do
518 1069 619 1187 (b),
650 1068 692 1151 in
711 1095 900 1179 magnum
926 1097 1056 1158 rerum
1072 1069 1227 1158 culmen
1255 1065 1452 1180 assurgere
1478 1070 1715 1157 videbatur.
1748 1072 1811 1155 lbi
1825 1075 1945 1158 etiam

432 1188 663 1272 Sausiorum
694 1185 921 1294 Martyrum
952 1189 1060 1275 Petri
1098 1195 1137 1274 bt
1165 1184 1390 1276 Marcellini
1420 1194 1501 1271 asta
1540 1190 1700 1301 polletis
1739 1185 1946 1276 transmit-

431 1302 553 1390 tenda
578 1328 722 1386 errore
753 1302 952 1395 Dorothei
975 1305 1233 1413 persecutoris
1259 1304 1478 1414 excipere,
1503 1332 1548 1389 ac
1573 1307 1734 1391 demum
1767 1328 1941 1396 carrera...

428 1445 515 1530 quar
534 1418 736 1505 Merenda
757 1419 895 1525 parurn
910 1419 1131 1536 probabilia
1167 1421 1247 1511 visa
1274 1415 1360 1505 suut
1389 1421 1531 1535 exequi
1548 1474 1563 1524 ,
1578 1451 1622 1508 ac
1638 1418 1816 1535 praestare
1830 1451 1943 1508 conr·

427 1533 668 1621 modissrme.

548 1653 745 1766 Tempore
769 1676 902 1746 autem
927 1665 1207 1777 procedente,
1235 1688 1324 1746 cum
1354 1655 1487 1744 senilis
1506 1666 1545 1745 in
1564 1658 1649 1743 dies
1674 1662 1870 1743 emineret
1901 1659 1942 1740 in

430 1770 588 1879 ephebo
617 1773 856 1883 prudentia,
884 1777 1041 1896 eiusque
1075 1778 1289 1869 sanatoris
1316 1805 1359 1862 ac
1384 1774 1571 1861 doetrinae
1602 1773 1702 1860 fama
1733 1772 1857 1886 longe
1887 1773 1946 1859 la·

431 1882 555 1997 teque
581 1907 818 1999 vagaretur:
850 1895 968 2002 quam
994 1925 1073 1986 non
1100 1897 1215 1985 tarda
1244 1900 1284 1977 in
1312 1890 1547 2003 Hispaniam
1578 1893 1776 1994 nostram,
1804 1891 1854 1977 ad
1872 1916 1945 1973 an·

432 2008 517 2087 arios
544 2001 692 2093 scilicet
716 2006 944 2119 hiantesque
967 2016 1018 2098 de
1047 2014 1131 2098 filio
1163 2029 1344 2121 parentes
1370 2033 1647 2118 permanatura
1675 1996 1794 2107 esset,
1824 2005 1939 2091 facile

428 2114 485 2201 est
509 2124 632 2204 cuiuis
654 2125 875 2208 coniicere.
902 2127 956 2213 Ea
982 2131 1079 2214 verb
1104 2151 1146 2215 vt
1174 2125 1244 2239 ipss
1264 2122 1325 2210 vel
1349 2123 1400 2208 de
1428 2127 1588 2239 integro
1606 2129 1806 2224 Romam,
1838 2128 1945 2206 invi·

427 2228 540 2317 sendi
565 2233 635 2319 filii
666 2238 822 2349 gratia,
853 2247 1111 2352 cogitarent,
1143 2244 1225 2329 slve
1256 2239 1330 2324 illis
1362 2241 1535 2325 talaiam
1569 2241 1668 2326 olim
1698 2240 1945 2351 proposnum

429 2343 557 2434 fuisset
575 2351 776 2449 ‚eiusdem
802 2357 1023 2441 maturandi
1044 2389 1087 2445 ac
1114 2353 1343 2468 perficiendi
1361 2350 1472 2436 causa
1489 2351 1632 2441 subesse
1650 2365 1776 2464 potuit
1794 2381 1808 2452 3
1827 2380 1947 2464 pror-

426 2462 488 2551 sus
517 2484 560 2552 vt
590 2467 832 2555 Romanurn
850 2495 1057 2582 parentum
1089 2463 1321 2583 Sororisque
1349 2468 1502 2552 Damasi
1545 2498 1593 2556 ex
1624 2467 1813 2582 Hispaoid
1840 2475 1946 2567 iter,

429 2597 623 2693 quantum
641 2613 689 2670 ex
716 2586 831 2670 huius
851 2605 992 2688 aetate,
1023 2613 1250 2702 temporum
1278 2589 1462 2680 ratione,
1491 2584 1654 2695 aliisque
1672 2588 1830 2671 demum
1850 2613 1945 2668 cona

427 2701 588 2783 iesiuris
612 2695 755 2812 assequi
789 2705 1019 2814 potuimus,
1049 2705 1210 2792 circiter
1227 2727 1371 2787 annum
1387 2699 1534 2781 Chrilli
1551 2703 1802 2788 CCCXXV.
1832 2701 1950 2784 adul·

428 2817 563 2914 tiore,
593 2817 632 2898 bc
662 2817 873 2902 minimum
902 2819 1070 2904 uiceone
1097 2813 1266 2898 Damaso
1287 2808 1537 2891 referendum
1567 2825 1730 2897 omnino
1751 2817 1826 2896 srt.

545 2931 734 3014 Fueritne
760 2942 892 3008 autem
921 2925 1077 3010 Damas
1102 2924 1332 3009 Parentibus
1359 2927 1433 3003 iarn
1460 2941 1541 3006 tum
1572 2927 1611 3007 in
1632 2927 1738 3011 Vrbe
1772 2955 1938 3011 manen-

427 3042 471 3130 di
501 3046 624 3152 abque
662 3040 838 3126 fortunas
882 3040 961 3126 suas
994 3035 1259 3127 transferendi
1290 3034 1537 3141 consilium,
1581 3069 1631 3125 an
1659 3041 1728 3126 filii
1772 3045 1927 3129 tamirm

426 3160 479 3246 ad
510 3181 664 3273 tempus
705 3153 899 3243 invisendi
942 3157 1087 3270 suoque
1131 3154 1295 3244 demum
1326 3153 1415 3240 loco
1447 3157 1495 3241 ad
1525 3164 1684 3267 propria
1713 3160 1939 3260 redeundi,

428 3305 510 3362 non
535 3273 853 3381 sfaciledirinare
877 3273 956 3363 esl.
976 3275 1097 3361 ‘Illud
1125 3281 1286 3389 propius
1314 3299 1413 3359 vero
1437 3275 1708 3379 crediderim,
1739 3277 1859 3363 initio
1876 3284 1940 3361 ni-

429 3392 485 3478 hil
511 3391 588 3480 tale
612 3399 868 3508 cogitantes,
897 3422 971 3479 nec
995 3392 1065 3477 nib
1095 3393 1147 3478 de
1169 3392 1287 3492 filio,
1318 3397 1383 3505 qui
1399 3411 1582 3503 paternus
1607 3396 1661 3478 est
1685 3421 1827 3492 amor,
1858 3388 1938 3478 sol-

428 3510 588 3612 liciros,
617 3511 691 3595 alia
715 3508 973 3621 posthabuisse
1000 3516 1162 3610 omnia3
1205 3538 1254 3594 ex
1290 3536 1370 3621 quo
1393 3529 1524 3593 autem
1552 3517 1638 3595 voti
1666 3515 1742 3596 iam
1774 3536 1939 3619 compo·

426 3644 519 3730 tes,
549 3627 702 3712 Damasi
727 3625 866 3713 famam
894 3632 1045 3713 eximiis
1074 3622 1246 3711 eiusdem
1265 3623 1427 3705 dotibus
1454 3623 1655 3732 superari,
1685 3627 1862 3736 periculo
1875 3622 1939 3710 fa·

427 3753 526 3844 sio‚
555 3742 769 3849 didicdre3
797 3741 967 3825 maxime
993 3740 1091 3825 verb
1124 3741 1190 3824 ubi
1222 3736 1476 3851 prestitutum
1507 3739 1649 3824 reditui
1681 3764 1836 3852 tempus
1861 3747 1939 3826 im-

428 3862 580 3945 minere
606 3856 809 3966 occoepit:
842 3875 937 3941 tunc
961 3856 1130 3967 primurn
1160 3854 1263 3954 filii,
1296 3856 1422 3967 aquo
1447 3855 1551 3962 aegre
1578 3856 1711 3942 divelli
1732 3863 1937 3970 patieban-

330 3998 333 4004 ’
421 3990 520 4074 tur,
544 3972 807 4074 desderiuur,
837 3973 967 4059 itineri
987 3976 1105 4082 quim
1123 3969 1339 4088 longissime
1362 3970 1619 4081 prolatand03
1650 4001 1742 4060 mox
1773 4005 1937 4064 manen·

424 4092 467 4173 di
496 4100 536 4177 in
567 4091 679 4177 Vrbe
711 4089 913 4203 propofito
941 4087 1092 4174 causam
1123 4110 1188 4177 aut
1215 4087 1349 4174 saltem
1370 4086 1617 4175 -occasonem
1649 4090 1870 4201 prebuisse.

467 4272 470 4277 .
540 4210 614 4293 Seu
649 4211 773 4313 igitur
806 4203 1005 4291 consilium
1042 4204 1139 4289 istud
1173 4205 1249 4289 iam
1290 4211 1422 4290 animo
1458 4206 1644 4319 coniuges
1674 4215 1714 4294 in
1748 4207 1932 4323 Hispania

430 4319 695 4434 precepissent
724 4370 740 4418 2
769 4316 847 4409 srve
876 4318 918 4407 id
946 4320 1104 4407 demum
1133 4322 1182 4408 ab
1212 4318 1302 4432 ipfis
1330 4321 1399 4406 filii
1436 4322 1649 4410 extorsisset
1677 4331 1800 4437 pietas
1829 4386 1844 4431 ‚
1876 4327 1933 4411 il-

425 4436 495 4529 lud
522 4465 678 4560 quoque
708 4433 1026 4545 verosmiseest‚
1062 4437 1161 4526 rana
1185 4433 1300 4526 semel
1326 4437 1376 4527 de
1404 4444 1445 4525 io
1467 4442 1578 4531 Vrbe
1607 4440 1801 4530 manendo
1830 4439 1931 4540 alea,

1858 4588 1933 4648 no·

466 4784 521 4871 (a)
546 4782 674 4856 Cumis.
697 4785 896 4856 Elrberritao.
920 4795 1154 4861 Cumanum.
1208 4788 1289 4875 land.
1318 4795 1394 4879 Peg.
1422 4814 1496 4867 170·
1529 4784 1568 4859 (5¹
1592 4809 1664 4870 173·
1688 4787 1726 4856 dt
1757 4781 1837 4870 apud
1860 4779 1937 4848 Me·

422 4877 552 4966 Peregrb
573 4880 745 4967 navigantes
761 4883 823 4947 διε.
840 4881 877 4952 (5
896 4889 986 4949 aliia.
1211 4884 1336 4950 rendam
1352 4926 1360 4946 .
1384 4887 1493 4970 Opusc·
1511 4883 1597 4968 Gesta
1623 4887 1657 4952 S·
1682 4883 1774 4949 Duru·
1799 4881 1875 4966 Cap·
1906 4896 1936 4959 ¹2

468 4969 526 5052 (b)
550 4970 628 5036 Ati.
651 4972 704 5039 SS.
726 4971 810 5038 Petri
840 4976 874 5039 δι
897 4970 1077 5040 Marcellini
1103 4971 1155 5038 die
1213 4998 1290 5044 natur·
1319 5001 1350 5041 r·

422 5054 469 5126 11.
494 5058 599 5126 lunii.
626 5070 704 5134 Your·
730 5067 755 5130 l.
777 5067 871 5156 eiusab
895 5070 989 5153 neustr
1013 5086 1063 5150 ap.
1079 5063 1155 5132 Bol-
