4184 5904
1532 331 1653 526 ⁴14³

143 624 368 689 nascendo
396 619 539 700 cums,
567 619 639 681 ceu
675 590 815 713 spuriis
843 617 889 679 ac
919 596 1049 687 textui
1071 589 1338 693 subindudtis,
1360 590 1512 681 nullam
1539 619 1659 708 pror·
1741 570 1748 581 ’

139 716 198 803 sus
226 721 306 805 vim
334 734 402 802 aut
432 711 552 800 fidem
574 707 703 821 ¹inesse
728 703 938 797 asseramus
964 764 979 814 ,
1009 714 1186 822 hancque
1223 709 1484 824 responsionis
1519 711 1659 800 nostra

136 835 328 922 summam
359 827 445 921 fore
472 852 488 933 3
515 834 670 936 immo,
700 854 775 943 qua
806 826 863 914 est
887 826 1142 938 providentii
1168 856 1214 916 ac
1239 827 1451 943 sagacitate
1486 832 1580 931 vir,
1608 852 1665 925 ex,

138 950 223 1064 ipsa
244 949 366 1039 etiam
395 943 643 1060 responsione
669 942 936 1056 vrgemiffime
966 943 1149 1032 advorsus
1177 972 1250 1033 nos
1281 944 1535 1037 elicitorumt
1568 971 1658 1040 rum

129 1070 312 1190 sitirem,
337 1073 415 1182 qui
434 1067 555 1154 uerbo
584 1091 811 1154 nascnnno
842 1088 947 1149 crvrs
976 1064 1106 1151 Codice·
1135 1067 1350 1169 adstruitis,
1376 1072 1576 1182 locumque
1607 1064 1657 1151 de

137 1214 214 1303 qao
238 1193 387 1302 agimus
413 1190 583 1275 vitiavit
610 1205 683 1272 aar
709 1183 1009 1296 interpolavit,
1050 1186 1133 1266 iam
1162 1182 1209 1269 de
1236 1183 1446 1274 Laurentii
1461 1189 1657 1299 patrica-³

134 1298 357 1420 dubitdffl3
388 1298 575 1417 quodque
603 1300 699 1386 huic
724 1304 950 1412 proximum
975 1297 1033 1385 est
1058 1327 1071 1384 t
1101 1301 1185 1386 iam
1204 1305 1294 1393 inde
1319 1302 1350 1390 d
1363 1300 1514 1419 saeeulo
1549 1296 1657 1387 osia·
1748 1364 1756 1374 .

136 1450 214 1522 ao,
242 1441 314 1512 out
344 1426 500 1510 ineunte
536 1446 663 1523 nouo,
703 1447 781 1533 quo
816 1414 1018 1538 Veronense
1052 1422 1414 1511 sacramentorium
1443 1436 1655 1505 exararunt

136 1544 288 1777 (ἢν
314 1593 329 1644 ,
359 1539 409 1625 de
439 1539 650 1628 Laurentii
675 1535 823 1652 patrici
861 1539 908 1622 in
941 1559 1152 1650 atramque
1177 1557 1337 1654 portem
1362 1534 1658 1653 disputatum

167 1689 208 1748 W
239 1686 260 1745 e
272 1712 294 1745 e·
1559 1669 1567 1697 ¹

250 1772 407 1864 Satisne
428 1789 562 1861 autem
593 1771 669 1859 smt
695 1796 778 1887 quae
801 1769 1034 1859 adduximus
1061 1823 1077 1874 ,
1108 1787 1156 1862 vt
1184 1798 1324 1862 eorum
1354 1770 1575 1857 verborum
1605 1762 1656 1850 fi-

132 1894 206 1981 des
232 1897 274 1979 in
298 1887 520 1980 universum
542 1890 1023 1989 traducatur,Le6iorum
1049 1893 1127 1976 erit
1149 1892 1358 1979 arbitrium
1382 1904 1501 2002 atque
1529 1881 1660 1972 existi·

134 2012 261 2097 matio
288 2032 304 2111 ·,
334 2011 445 2095 nobis
473 2002 597 2127 longi
619 2011 696 2095 alia
721 2033 830 2092 mens
858 2006 914 2094 esl
944 2061 960 2110 ,
997 2004 1117 2122 quim
1154 2024 1199 2096 vt
1229 2009 1303 2094 hac
1341 2000 1409 2093 vii
1449 1999 1655 2089 Blanchini

136 2128 342 2213 conatibus
365 2150 642 2213 occurramus.
674 2124 754 2211 Sed
789 2122 893 2237 finge
924 2153 1041 2215 unam
1068 2120 1258 2239 Hispanis
1287 2127 1328 2208 in
1356 2149 1404 2207 ea
1432 2112 1658 2231 responso·

138 2270 190 2326 ne
226 2240 333 2354 spem
366 2238 599 2329 collocatam
634 2235 713 2353 eise
739 2301 750 2323 .
780 2244 869 2329 Nec
912 2263 1011 2330 tunc
1040 2237 1179 2327 defore
1218 2236 1415 2330 credimus
1444 2232 1557 2349 quod
1588 2257 1656 2317 re-

141 2360 240 2470 poni
278 2351 403 2469 posset
433 2386 446 2444 ε
479 2358 642 2447 sienim
666 2357 761 2444 dati
783 2360 905 2471 operi
932 2360 1074 2445 Codex
1107 2356 1175 2443 ille
1204 2360 1254 2445 ab
1291 2358 1532 2466 Antiquario
1558 2374 1652 2435 cor·

108 2575 111 2581 Ι
139 2498 185 2557 ru
216 2494 279 2558 tus
311 2468 470 2561 initiet:
505 2481 647 2587 vtique
677 2479 710 2558 is
735 2474 786 2556 de
815 2476 1022 2560 Laurentii
1047 2477 1175 2584 patria
1206 2466 1405 2560 dubitisse
1433 2465 1655 2552 credendus

133 2502 230 2675 cidit
258 2617 275 2696 ·,
305 2615 432 2702 eoque
461 2588 626 2674 consdio
661 2585 781 2671 verba
805 2614 1028 2674 nascnuuo
1052 2614 1162 2673 crvrs
1197 2590 1325 2673 textui
1361 2571 1654 2677 subinduxilse,

131 2724 179 2791 vt
205 2703 318 2789 litent
350 2730 438 2819 quae
466 2710 544 2790 iam
576 2723 660 2791 tum
689 2722 772 2788 erat
801 2698 1041 2788 dirimeret.
1075 2703 1228 2789 Verum
1257 2701 1402 2815 quidni
1429 2696 1584 2786 incurii
1610 2693 1654 2779 id

131 2817 265 2936 potiits
302 2835 370 2907 aut
400 2818 610 2907 oscitantis
638 2821 903 2932 Antiquarii,
933 2835 978 2905 vt
1014 2817 1114 2907 olim
1146 2820 1189 2903 in
1216 2818 1406 2932 Simplicii
1444 2821 1653 2904 mentione

128 2941 338 3049 contigit,
370 2932 515 3020 fastum
533 2952 717 3045 putamus
733 2936 748 3010 i
760 2933 966 3129 ί,Ἡάηὴ
996 2933 1132 3016 Latini
1160 2931 1347 3025 sermonis
1373 2937 1654 3049 ignoratione,

129 3078 217 3169 qnae
242 3076 326 3161 quo
359 3070 541 3159 tempore
567 3050 735 3157 scriptus
858 3043 1083 3131 eradicitus
1108 3101 1123 3147 ,
1162 3047 1327 3163 insignis
1356 3054 1395 3135 dt
1418 3049 1548 3163 propit
1572 3045 1653 3131 stu-

130 3166 260 3285 penda
285 3169 400 3252 erati
432 3168 572 3250 Potuit
592 3155 780 3246 facillimi
806 3157 1172 3270 descriptor,dum
1196 3165 1559 3271 orationissensum
1589 3158 1652 3248 as·

131 3288 239 3400 sequi
271 3308 353 3367 non
378 3281 517 3379 valet,
547 3277 679 3391 priore
707 3275 905 3389 inexpletis
933 3275 1099 3385 periodo
1124 3282 1287 3367 incauti:
1317 3288 1361 3368 in
1391 3283 1506 3372 aliam
1536 3296 1652 3367 tran·

129 3405 239 3502 stre,
282 3413 399 3510 atque
432 3425 481 3483 ex
509 3393 660 3481 duabus
688 3419 852 3496 unam,
889 3390 1086 3478 hibridam
1113 3410 1248 3483 tamen
1287 3394 1521 3486 sententiam
1551 3424 1652 3482 con-

132 3516 279 3619 ficere,
316 3512 430 3627 quod
456 3519 498 3599 in
513 3509 703 3623 Simplicii
730 3515 934 3598 mentione
961 3501 1142 3598 accidisse
1166 3512 1411 3601 Muratorins
1438 3514 1651 3624 suspicatus

130 3630 234 3720 suit.
267 3634 410 3720 Potuit
433 3629 629 3730 verbnm,
656 3655 839 3730 comma,
868 3626 1106 3731 colum,aut
1128 3628 1241 3716 aliud
1271 3631 1510 3746 quidpiam,
1538 3628 1648 3745 qnod

131 3753 173 3836 in
200 3748 452 3863 autographo
483 3737 617 3846 esset,
644 3748 874 3849 omittere,
902 3772 984 3861 quo
1008 3742 1164 3838 adiecto
1190 3745 1312 3868 longe
1340 3749 1419 3839 alia
1452 3748 1648 3838 contelia·

134 3872 258 3954 tionis
283 3865 477 3953 sementia
502 3852 633 3950 futura
661 3861 784 3951 esset.
1585 3956 1601 3968 ..

244 3983 416 4071 Potudre
443 3982 540 4070 item
573 3979 666 4067 bina
694 3977 764 4065 illa
792 3978 938 4067 verba:
962 4004 1189 4069 uascsuuo
1216 4014 1347 4089 mors,
1377 4001 1445 4072 aut
1472 3983 1643 4073 saitem,
1692 4064 1694 4068 ,

135 4104 242 4213 prius
270 4102 392 4188 illud:
421 4124 648 4189 Nascnuuo
677 4103 699 4185 i
724 4096 993 4200 Glossatore,
1024 4104 1091 4212 qui
1123 4126 1204 4185 non
1238 4100 1352 4185 idad
1389 4106 1646 4215 temporalem

137 4218 343 4305 Laurentii
372 4222 539 4330 patriam
565 4213 798 4316 retulisset,
826 4214 996 4328 margini
1035 4220 1272 4332 antiquioris
1298 4218 1463 4305 Codicis
1495 4222 1645 4320 adiici,

133 4330 309 4449 indeque
338 4333 388 4419 ab
415 4333 661 4447 Antiquario
686 4331 793 4427 boni
819 4329 898 4416 fide
925 4337 966 4417 in
989 4352 1144 4421 textum
1160 4335 1349 4444 admitti3
1382 4354 1426 4422 vt
1458 4361 1646 4449 germana

130 4450 470 4554 Contestationis‚
503 4450 553 4536 de
579 4478 655 4562 qua
678 4449 863 4564 agimus,
889 4445 1026 4537 littera
1058 4452 1140 4537 haec
1163 4451 1288 4539 esset:
1308 4452 1646 4568 peculiaritas

129 4573 409 4673 muletatur,
439 4572 546 4658 cuius
557 4568 678 4682 ferrer
701 4565 877 4685 minsser
901 4619 917 4668 ,
945 4586 1015 4655 aut
1042 4620 1057 4668 ,
1085 4575 1198 4660 cuius
1222 4577 1317 4662 cinis
1337 4622 1351 4672 ,
1370 4572 1496 4771 soem
1527 4575 1646 4655 mini·

120 4682 209 4799 ster
238 4688 321 4786 &a
349 4684 506 4805 Qidni
532 4704 659 4771 autem
684 4692 740 4771 ita
767 4686 913 4770 fastum
949 4684 1183 4800 suspicemur
1207 4741 1222 4791 ,
1251 4718 1340 4775 cum
1386 4688 1396 4773 i
1427 4713 1643 4800 utrumque

126 4800 170 4883 id
195 4806 393 4904 uerbum,
423 4803 488 4889 vel
519 4807 627 4915 prius
657 4801 754 4888 illud
781 4829 1003 4891 mascsuno
1038 4799 1264 4893 funditusd
1292 4818 1401 4892 teitu
1428 4806 1643 4902 avulseris,

125 4918 270 5007 nedum
303 4918 492 5035 periodus
524 4920 793 5034 sententiaque
824 4916 1049 5034 perseverat
1092 4928 1244 5040 integra
1273 4919 1415 5038 (quod
1447 4950 1526 5010 non
1556 4928 1642 5006 mi-

128 5042 283 5127 minum
318 5039 375 5129 est
410 5033 654 5156 glossematis
683 5035 790 5126 hisce
826 5034 1141 5133 internoscendis
1179 5035 1501 5156 adminiculum)
1531 5064 1546 5146 3
1576 5032 1643 5126 sed

1538 5236 1542 5241 .
1570 5186 1642 5273 ge·
