4184 5904
275 362 393 485 ,128

159 666 162 671 .
279 589 437 787 dentdius
465 629 480 677 ,
509 572 687 691 quosque
716 585 758 668 in
787 581 899 671 Vrbe
928 596 1043 672 natos
1073 579 1188 675 fuisse
1216 583 1366 677 constat
1395 637 1411 689 s
1450 586 1620 677 minimi:
1645 594 1809 690 dlfiun.

310 731 357 791 en
392 722 483 782 um.

281 734 310 818 g
400 817 529 926 Atqui
557 809 659 900 nihil
688 843 786 931 opus
823 838 908 906 etat
936 821 1139 909 Merenda
1168 840 1250 911 tam
1285 823 1423 911 misere
1451 826 1647 921 conficere
1673 857 1807 953 atque

279 936 501 1028 excruciare
532 928 607 1018 sesc
634 934 673 1012 in
700 934 961 1046 exprimendo
990 938 1201 1026 Prudentii
1233 941 1414 1051 hymno,
1443 973 1531 1032 cum
1555 949 1697 1039 nullibi
1716 983 1802 1043 non

280 1056 444 1143 obvium
480 1048 522 1133 st
552 1052 696 1132 Leonis
732 1052 774 1133 in
805 1050 970 1139 eandem
1005 1053 1238 1143 sententiam
1277 1059 1327 1145 de
1357 1058 1575 1152 Laurentio
1613 1069 1801 1186 dietum3

280 1173 459 1282 nempe,
488 1164 609 1277 quain
633 1166 849 1281 clarificata
869 1169 1239 1289 fauitHicrofulymu
1254 1178 1473 1293 Stephano,
1500 1201 1587 1269 tum
1611 1187 1801 1298 illustrem

267 1291 457 1409 flaturum
472 1286 629 1369 Romam
658 1283 868 1376 Laurentio
897 1291 967 1401 (u)
984 1310 1010 1392 3-
1030 1292 1137 1405 quod
1162 1314 1297 1380 tamen
1316 1295 1380 1381 vix
1400 1293 1478 1380 scio
1507 1326 1557 1384 an
1585 1303 1803 1422 abaliquo

277 1407 566 1492 llecentiorum
604 1422 676 1489 aut
704 1405 895 1491 Veterum
935 1433 1010 1517 pro
1051 1410 1254 1496 astruenda
1290 1412 1474 1509 Romana
1496 1415 1697 1507 Laurentii
1725 1450 1803 1535 pa-

278 1520 358 1609 tria
388 1523 573 1606 haetenus
599 1518 827 1632 usurpatum
857 1520 1013 1609 suerit.
1047 1526 1202 1653 Qidni
1220 1531 1383 1615 autem?
1413 1528 1572 1617 Scilicet
1600 1542 1690 1647 quia
1718 1567 1800 1626 no-

281 1659 419 1728 verant
447 1661 525 1720 non
562 1660 611 1719 eo
638 1636 728 1722 loco
764 1638 816 1724 de
839 1636 970 1750 patriai
999 1643 1201 1730 Laurentii
1230 1648 1253 1729 a
1282 1647 1417 1731 Leone
1439 1653 1503 1760 agi
1535 1675 1550 1757 3
1593 1680 1716 1764 neque
1748 1656 1799 1742 in

280 1754 472 1845 natalibus
507 1751 706 1865 utriusque
723 1754 950 1864 Martyris,
981 1754 1048 1844 sed
1080 1766 1120 1844 in
1150 1769 1368 1849 certamine
1395 1789 1438 1849 ac
1455 1768 1694 1878 triumphis,
1721 1799 1800 1857 eo-

279 1900 449 1983 rumque
478 1862 605 1981 gloriri
637 1864 937 1982 parallelismum
967 1880 1072 1963 inter
1097 1906 1170 1965 eas
1184 1880 1314 1966 Vrbes
1340 1878 1470 1989 stare,
1499 1909 1583 1994 quo
1610 1889 1703 1973 item
1729 1891 1800 1972 in-

280 1998 384 2079 tuitu
420 1985 520 2072 bella
545 1984 758 2099 priscorum
790 1990 953 2075 Ducum
985 2021 1075 2079 cum
1104 1997 1305 2083 Laurentii
1339 1993 1462 2084 nostri
1491 2001 1668 2086 victoriis
1692 2004 1800 2090 Pru-

175 2164 179 2171 ·
278 2108 435 2196 dentius
463 2101 647 2206 confert,
677 2124 872 2221 tantoque
897 2108 965 2193 has
991 2140 1067 2222 prae
1101 2112 1177 2199 illis
1205 2110 1431 2202 illustriores
1457 2114 1663 2205 censendas
1695 2144 1802 2231 prae-

278 2229 424 2323 dicat,
462 2238 615 2335 quanto
648 2220 787 2334 Superi
811 2250 900 2308 cum
935 2226 1035 2316 Ioue
1064 2230 1150 2342 ipso
1176 2234 1383 2338 Summo,
1414 2229 1648 2320 mortalibus
1679 2255 1804 2323 ante-

278 2340 452 2430 cellunt.
487 2340 572 2425 Hos
603 2338 823 2451 triumphos
854 2333 1001 2428 scilicet
1029 2398 1043 2443 ,
1073 2348 1139 2430 has
1167 2348 1394 2456 Martyrum
1426 2349 1612 2450 laureas,
1643 2368 1801 2439 veteres

279 2457 460 2545 Ecclefiae
486 2459 621 2543 Patres
655 2455 940 2559 celebrabant,
972 2460 1072 2543 nihil
1104 2463 1257 2547 interea
1296 2469 1439 2548 morati
1479 2467 1716 2575 temporales
1747 2468 1802 2552 il-

280 2578 409 2665 lorum
428 2577 568 2692 patrias
586 2577 764 2688 ,quippe
781 2600 875 2689 quas
909 2568 959 2656 ad
976 2580 1164 2663 virtutem
1192 2574 1292 2663 nihil
1321 2571 1505 2689 profuisse
1522 2582 1696 2686 nbrant3
1725 2612 1804 2671 ceu

276 2713 417 2811 prater
443 2691 694 2779 Prudentium
711 2748 725 2798 ,
742 2688 1034 2802 locupletissimi
1065 2690 1180 2779 telles
1196 2694 1285 2782 sunt
1300 2694 1568 2785 Tertullianus
1586 2758 1599 2804 ,
1615 2702 1805 2813 Cypria·

280 2843 382 2916 nus,
413 2813 727 2925 Hieronymus,
757 2805 1031 2922 Augustinus,
1061 2810 1322 2916 Ambustus,
1350 2815 1388 2898 δι
1419 2810 1483 2901 alii
1511 2843 1681 2924 quorum
1702 2814 1798 2905 loca

279 2926 501 3018 describere
531 2959 610 3016 non
639 2946 776 3015 vacat.

402 3048 510 3133 Hinc
541 3053 619 3133 iam
655 3045 854 3135 Merenda
883 3042 1105 3161 scrupulum
1136 3047 1253 3136 sacile
1279 3049 1532 3136 eximendum
1566 3047 1651 3139 fore
1686 3047 1802 3133 arbi-

280 3184 401 3257 tror.
431 3170 526 3252 Non
556 3171 707 3251 etenim
737 3168 942 3281 Laurentii
964 3164 1107 3253 natales
1134 3195 1225 3252 curn
1241 3164 1385 3266 Cossi,
1412 3164 1591 3268 Camili,
1619 3184 1686 3251 aut
1705 3167 1803 3251 cae-

279 3285 375 3371 saris
407 3282 598 3369 natalibus
613 3302 628 3384 3
659 3276 726 3368 sed
745 3282 939 3395 triumphi
961 3312 1053 3369 cum
1082 3286 1290 3397 triumphis
1318 3283 1341 3369 ὲ
1371 3283 1591 3370 Prudentio
1613 3286 1657 3368 in
1683 3284 1804 3391 hym*

279 3430 334 3491 no
366 3404 418 3489 de
448 3429 527 3512 quo
557 3406 709 3515 agimus
739 3392 1032 3512 conferuntur3
1063 3401 1247 3514 huncque
1283 3402 1449 3488 omninb
1477 3405 1612 3489 Poeta
1639 3397 1802 3512 scopum

280 3518 397 3608 sitisse
430 3515 631 3609 nobiscum
654 3514 872 3634 agnoscet,
899 3515 1075 3631 quisquis
1103 3538 1239 3606 mente
1263 3521 1285 3604 a
1300 3515 1531 3631 praeiudiciis
1561 3514 1683 3604 racual
1709 3542 1804 3604 ver·

281 3636 330 3724 ba
359 3646 399 3722 &
428 3637 582 3752 periodi
607 3634 848 3722 sententiam
872 3632 1118 3721 consrderare
1153 3635 1277 3720 velit.
1309 3638 1353 3717 Si
1382 3654 1512 3720 tamen
1531 3634 1803 3746 comparatio·

280 3780 371 3839 nem
397 3756 447 3839 ad
476 3759 621 3866 patrias
641 3781 803 3868 quoque
831 3750 1046 3838 extendere
1074 3745 1266 3837 Merenda
1295 3748 1421 3854 velit,
1451 3749 1691 3866 adigendum
1708 3776 1805 3835 eum

286 3880 473 3982 putamus
498 3895 546 3953 ex
573 3868 663 3981 ipso
690 3867 903 3957 Prudentii
927 3869 1109 3980 hymno,
1140 3888 1184 3954 vt
1212 3864 1278 3956 vel
1292 3866 1458 3952 Petrum
1484 3871 1525 3951 &
1551 3866 1713 3955 Paulum
1735 3892 1804 3978 pa·

283 3984 363 4072 trial
395 3987 601 4071 Romanos
628 4017 643 4097 ·‚
672 4005 741 4073 aut
770 3988 794 4071 ὲ
836 3990 1049 4072 contrario
1075 3992 1283 4073 Neronem
1311 3982 1513 4073 Galilaum
1539 4004 1608 4071 aut
1635 3980 1804 4070 Tarsen-

282 4102 362 4187 sem
392 4100 508 4191 suisse
537 4100 703 4191 asserat.
738 4098 951 4193 Videamus
981 4130 1063 4216 quo
1095 4106 1209 4189 iure.

253 4322 256 4327 1
405 4219 569 4309 lnducit
596 4220 835 4309 Prudentius
875 4226 916 4303 in
947 4249 997 4306 eo
1034 4220 1188 4330 hymno
1217 4216 1403 4305 Levitarn
1433 4217 1605 4307 nollrum
1637 4223 1704 4334 qui
1733 4219 1806 4301 lo-

280 4366 372 4426 rem
404 4337 593 4424 acerrime
626 4333 869 4441 insectatus,
901 4336 961 4421 his
988 4332 1058 4446 ipsi
1091 4338 1220 4425 verbis
1252 4340 1415 4422 exilium
1442 4338 1492 4425 ab
1516 4341 1626 4425 Vrbe
1658 4331 1807 4449 sempi-

283 4475 442 4542 ternum
474 4459 645 4571 imperat
677 4456 773 4567 (b):

572 4569 735 4688 Discede
762 4574 922 4665 adulter
942 4578 1116 4690 iuppiter

633 4693 779 4805 Stupro
803 4698 955 4781 suroris
981 4692 1135 4791 oblite,

633 4805 825 4920 Relinque
851 4812 1009 4895 Rumam
1032 4809 1236 4909 liberm,

633 4921 861 5037 Plebemqua
884 4934 967 5014 ium
1001 4951 1164 5015 cuntem
1177 4921 1300 5043 fuge·
1762 5042 1803 5128 Y

1794 5070 1815 5128 e

325 5188 391 5269 ta]
414 5196 505 5269 uena.
528 5201 564 5270 dt
587 5199 709 5273 Nuruh
721 5202 755 5281 S·
769 5200 956 5274 Laurentii·
1121 5194 1196 5283 [a]
1219 5196 1339 5289 §troph
1354 5197 1522 5269 turult.
1544 5188 1672 5287 susce·
1686 5193 1810 5279 Wu-
