4184 5904
1589 320 1658 437 55

154 507 352 600 maducat
369 501 439 620 (a)
455 529 468 591 z
485 498 786 617 suerintn'e‘quae
811 500 1045 592 adduximus
1068 524 1121 586 ex
1150 500 1351 616 prioribus
1369 504 1448 593 illis
1472 472 1666 614 archeta-⁴

150 634 214 742 pis
243 630 265 709 a
288 618 456 707 Damaso
482 623 696 721 extrudis,
727 646 776 704 an
802 650 853 707 ex
881 617 1159 735 posterioribus
1188 620 1387 732 iVigilio
1414 619 1663 710 instauratis?

151 740 231 829 Sed
268 767 360 826 cunr
389 735 511 851 quina
533 733 599 822 illa
631 740 773 825 eodem
802 743 972 826 omnino
1002 757 1208 849 tempore,
1238 734 1424 823 forsan&
1449 737 1663 827 eiusdem,
1701 734 1705 741 ’

151 857 313 945 artificis
354 881 503 955 manu,
529 861 717 941 marmori
744 852 862 943 incisa
889 856 1132 955 videantur,
1163 852 1208 937 id
1240 854 1350 964 quod
1377 855 1523 941 nedum
1549 853 1673 962 litter

156 999 289 1062 rarum
316 970 481 1069 dunos,
504 966 571 1057 sed
597 1001 732 1058 earum
748 968 921 1058 lemnisci
940 995 1056 1086 atque
1072 986 1237 1055 ornatus
1263 976 1371 1058 inter
1396 972 1435 1057 se
1463 970 1663 1075 finrillinri,

158 1089 382 1203 eademque
420 1085 578 1201 prorsus
604 1089 829 1201 scriptionis
858 1088 1012 1176 indoles
1048 1083 1139 1170 satis
1167 1084 1407 1174 ostendunt:
1438 1109 1663 1201 praeterea„
1744 1088 1749 1097 ’

156 1234 248 1293 cum
273 1211 315 1291 in
333 1231 384 1291 eo
410 1205 726 1318 epigrammate,
745 1205 854 1320 quod
886 1206 1088 1319 postremo
1112 1205 1291 1289 omnium
1319 1202 1408 1288 loco
1438 1207 1662 1310 retulimus,

148 1344 246 1409 atas
277 1319 440 1436 diesque
470 1321 729 1435 depofitionis
763 1327 949 1409 Proieciae
973 1374 988 1421 ,
1015 1316 1251 1404 Consulatus
1276 1323 1375 1404 item
1406 1319 1664 1411 Merobaudis

154 1442 196 1522 &
228 1440 431 1525 Saturnini
462 1437 567 1552 (qui
593 1433 803 1525 secundior
832 1439 1035 1525 Merendae
1065 1435 1388 1547 supputationem
1416 1436 1489 1552 (b)
1517 1440 1560 1523 in
1587 1464 1666 1523 an-

154 1582 253 1640 nunt
285 1556 428 1641 incidit
449 1551 708 1642 Pontificarris
725 1554 880 1640 Damasi
912 1554 1078 1664 XVII.)
1105 1549 1357 1637 minutissime
1384 1550 1666 1666 designentur:

155 1668 406 1758 crediderim
447 1677 532 1757 eius
563 1672 694 1784 potitis
735 1668 853 1785 quim
882 1668 1028 1782 Vigilii
1070 1687 1249 1778 tempore
1281 1677 1469 1756 marmori
1498 1668 1664 1755 incisum

154 1782 264 1872 fuisse
284 1807 299 1887 3
328 1806 447 1899 arque
468 1786 569 1873 adeo
598 1788 727 1899 ipsum
755 1809 972 1899 caeteraque
1003 1783 1155 1868 anobis
1179 1776 1376 1882 adducia,
1396 1814 1445 1870 ex
1460 1792 1663 1900 antiquio-

154 1904 265 1987 ribus
299 1903 320 1986 i
347 1904 515 1988 Damaso
539 1904 809 2018 conscriptis,
838 1930 958 2015 atque
986 1901 1126 1985 crearis
1152 1907 1420 1985 monumentis
1447 1904 1665 2015 archetypa

155 2017 272 2100 nobis
303 2013 518 2127 superesse.
547 2022 692 2131 Neque
735 2025 839 2105 eninr
869 2015 1063 2106 credibile
1096 2013 1151 2098 est
1180 2009 1368 2098 mensium
1394 2016 1666 2127 dierumque,

160 2132 302 2244 quibus
334 2135 514 2218 Proiecit
540 2142 669 2238 vixit,
702 2142 889 2221 minutias
913 2129 1056 2245 Vigilii
1084 2143 1268 2241 tempore
1296 2134 1337 2212 io
1365 2156 1571 2220 numerato
1594 2132 1666 2217 ha-

161 2244 307 2330 bendas
336 2298 351 2344 ,
381 2268 425 2333 vt
450 2256 535 2338 eius
566 2250 774 2364 epitaphio
800 2273 879 2336 tam
910 2240 1090 2335 accurate
1118 2247 1438 2332 adnotarentur.
1472 2253 1663 2336 Praeterea

155 2363 356 2473 Vigiliunr
383 2365 612 2477 Martyrum
644 2369 797 2450 tanturn
829 2363 1000 2477 sepulcra
1030 2356 1230 2447 renovasse
1257 2388 1307 2445 ex
1344 2363 1665 2476 addusio'ipstns

156 2484 441 2587 epigrammate
469 2479 600 2596 liquet
623 2503 640 2583 3
669 2484 732 2565 cui
760 2489 883 2567 coetui
909 2478 1042 2566 nescio
1066 2508 1115 2562 an
1142 2479 1323 2564 protecta
1351 2479 1414 2564 illa
1444 2533 1459 2580 ,
1489 2481 1550 2565 cui
1580 2481 1668 2567 elo*

162 2600 274 2707 gium
306 2589 554 2697 inscribitur,
583 2598 879 2682 adnumeranda
896 2596 975 2683 sit.
1006 2596 1239 2708 Scriptionis
1265 2590 1437 2706 denique
1452 2625 1606 2709 genus,
1637 2600 1667 2686 st

159 2709 261 2819 quid
291 2735 368 2818 ego
398 2710 549 2809 video,
571 2713 726 2809 Damasi
757 2734 912 2799 aetarenr
934 2743 1017 2802 non
1046 2713 1217 2826 respuit.
1250 2707 1315 2798 De
1337 2711 1397 2797 his
1421 2734 1553 2800 tamen
1584 2712 1668 2804 Le·

158 2829 314 2907 diorum
343 2824 553 2935 arbitrium
583 2821 690 2906 ello}
898 2832 901 2837 '

272 2934 508 3021 Blanchinus
534 2937 678 3024 Senior
702 2961 748 3020 ex
775 2935 947 3024 collediis
979 2938 1073 3025 olinr
1113 2939 1136 3025 ai
1160 2937 1304 3027 Purlvio
1334 2942 1480 3034 Vrsrno
1517 2957 1667 3040 veteri.

161 3051 232 3137 bus
262 3046 622 3160 inscriptionibus,
648 3052 765 3138 aliam
784 3055 897 3139 nobis
927 3055 1088 3143 exhibet
1104 3052 1256 3143 Damas
1288 3086 1430 3147 nomen
1462 3068 1669 3177 pracferen-

157 3185 267 3266 tem,
298 3174 338 3253 in
369 3193 446 3279 qua
471 3169 637 3254 Basilica
662 3167 800 3256 SaniJi
815 3176 1021 3261 Laurentii
1040 3180 1084 3258 in
1104 3175 1274 3289 Damaso
1295 3174 1666 3271 consecrationem„

157 3284 208 3370 ab
236 3283 378 3369 eodem
396 3283 540 3370 Sandio
557 3284 749 3373 Pontifice
765 3294 957 3398 perusiam
975 3293 1178 3377 contineri
1192 3291 1341 3403 ,idque
1361 3300 1665 3410 antiquissimum
1753 3367 1757 3375 -

157 3397 323 3485 fortassis
351 3399 464 3483 huius
490 3399 753 3488 Ecclesrallici
783 3403 881 3488 sitris
899 3412 1117 3520 genuinum
1144 3404 1424 3495 documentum
1454 3406 1528 3498 else
1555 3416 1666 3501 affir-

157 3529 275 3603 rnat.
322 3512 422 3600 Eam
456 3515 629 3628 primunr
660 3518 880 3605 Alexandri
906 3524 1022 3616 stt.
1052 3524 1100 3606 E.
1128 3521 1351 3611 Cardinalis'
1380 3529 1576 3616 Fanursrr
1612 3534 1668 3615 li-

157 3623 368 3723 beralitate
397 3632 447 3716 ab
481 3637 651 3720 interitu
679 3638 924 3725 vindicatam
953 3671 968 3753 3
999 3638 1146 3727 deinde
1175 3641 1411 3729 Serenilsnni
1442 3648 1665 3734 Fnancrsct

154 3726 304 3834 Parmae
329 3751 369 3832 δι
401 3746 610 3841 Placentiae
636 3751 755 3841 Ducis
784 3748 881 3843 iussu
910 3759 961 3844 ad
989 3784 1078 3847 ann.
1112 3757 1444 3850 MDCCXVlll.
1464 3796 1552 3854 curn
1579 3766 1666 3852 aliis

1035 3951 1037 3955 ,
1624 3911 1666 3970 ιιι

196 3977 273 4068 (a)
298 3982 440 4055 Affertur
472 3990 491 4059 l
512 3985 668 4057 Merenda
697 3998 727 4068 5·
751 3993 792 4058 Il·
812 3996 849 4061 de
874 3996 997 4079 Damass
1014 4003 1168 4067 carminib·
1191 4004 1271 4082 Pag.
1298 4011 1372 4083 1'35'·
1489 4032 1492 4036 ·

471 4102 514 4145 DE
537 4103 575 4147 SS·
599 4102 668 4148 MM.
693 4100 829 4162 ulmi,
854 4104 1049 4162 Manutius,
1074 4103 1116 4148 ΕΤ
1140 4106 1337 4154 abeuntium

419 4177 501 4240 Duru
512 4181 658 4256 paritura
678 4178 766 4242 Gara·
780 4176 945 4263 pofhfflot
967 4181 1059 4262 castra
1071 4176 1135 4261 sab
1158 4180 1297 4258 Vrbem,

467 4269 636 4333 Moverunt
657 4270 768 4334 Sartsiir
785 4269 864 4333 balla
886 4270 1015 4352 reflando
1031 4273 1140 4351 prior.

430 4358 565 4438 sitaque
577 4357 729 4442 sacrilega
752 4376 908 4425 verterant
927 4364 1012 4425 carde
1024 4363 1192 4444 sepulcra,

470 4448 661 4529 Martyribor
679 4451 826 4529 parandam
844 4455 903 4517 rita
917 4452 1045 4530 siccata
1064 4456 1146 4532 piis.

421 4531 509 4623 Qm
531 4539 702 4618 monstrante
725 4540 790 4603 Dra
810 4535 971 4604 Dinnis
987 4541 1045 4626 fibi
1063 4541 1150 4605 Para
1165 4536 1308 4629 probarat

466 4627 599 4688 Asrrxo
621 4631 731 4693 monuit
752 4646 906 4692 canutus
931 4636 996 4697 iare
1019 4637 1078 4701 cali
1090 4670 1099 4690 ·

417 4716 478 4783 Sea
492 4721 589 4799 periit
606 4721 713 4783 titulat
735 4720 877 4802 aurifrasio
899 4743 1039 4790 marmore
1052 4729 1176 4812 firnsiot

466 4808 537 4872 Nea
556 4823 652 4873 tramea
671 4810 713 4874 hir
737 4812 843 4875 iterum
860 4813 941 4895 paffe
964 4818 1061 4883 latere
1077 4815 1172 4896 soit·

280 4956 283 4961 .
422 4897 542 4962 Diruta
568 4896 722 4965 Victurus
742 4919 809 4964 ream
823 4906 888 4984 post
905 4906 968 4968 baec
990 4903 1077 4970 Para
1095 4908 1257 4991 garnifcanr

465 4989 604 5069 Hostibus
622 4992 745 5081 expulfit
767 5008 863 5057 οιιιιιι
886 5008 1038 5060 novatur
1060 5016 1161 5063 orus.

188 5065 248 5157 (t)
270 5074 345 5161 rap.
366 5075 469 5143 rara.
492 5079 573 5162 mg.
594 5097 668 5155 ιη.
