<?xml version="1.0" encoding="UTF-8"?>
<!DOCTYPE html PUBLIC "-//W3C//DTD XHTML 1.0 Transitional//EN"
    "http://www.w3.org/TR/xhtml1/DTD/xhtml1-transitional.dtd">
<html xmlns="http://www.w3.org/1999/xhtml" xml:lang="en" lang="en">
 <head>
  <title>
</title>
<meta http-equiv="Content-Type" content="text/html;charset=utf-8" />
  <meta name='ocr-system' content='tesseract 3.04.00' />
  <meta name='ocr-capabilities' content='ocr_page ocr_carea ocr_par ocr_line ocrx_word'/>
</head>
<body>
  <div class='ocr_page' id='page_1' title='image "./damasusetlauren00bygoog_0197.png"; bbox 0 0 4184 5904; ppageno 0'>
   <div class='ocr_carea' id='block_1_1' title="bbox 163 2432 745 2526">
    <p class='ocr_par' dir='ltr' id='par_1_1' title="bbox 163 2432 745 2526">
     <span class='ocr_line' id='line_1_1' title="bbox 163 2432 745 2526; baseline -0.012 0"><span class='ocrx_word' id='word_1_1' title='bbox 163 2474 172 2495; x_wconf 89' lang='lat'><strong>·</strong></span> <span class='ocrx_word' id='word_1_2' title='bbox 279 2439 437 2526; x_wconf 88' lang='lat' dir='ltr'>eosdem</span> <span class='ocrx_word' id='word_1_3' title='bbox 461 2434 650 2521; x_wconf 84' lang='lat' dir='ltr'>excidisse</span> <span class='ocrx_word' id='word_1_4' title='bbox 678 2432 745 2519; x_wconf 79' lang='lat' dir='ltr'>nd</span> 
     </span>
    </p>
   </div>
   <div class='ocr_carea' id='block_1_2' title="bbox 277 338 395 488">
    <p class='ocr_par' dir='ltr' id='par_1_2' title="bbox 277 338 395 488">
     <span class='ocr_line' id='line_1_2' title="bbox 277 338 395 488; baseline -0.017 -32"><span class='ocrx_word' id='word_1_5' title='bbox 277 338 395 488; x_wconf 13' lang='lat'>*166</span> 
     </span>
    </p>
   </div>
   <div class='ocr_carea' id='block_1_3' title="bbox 712 492 1340 655">
    <p class='ocr_par' dir='ltr' id='par_1_3' title="bbox 712 492 1340 655">
     <span class='ocr_line' id='line_1_3' title="bbox 712 492 1340 655; baseline -0.002 -3"><span class='ocrx_word' id='word_1_6' title='bbox 712 492 1340 655; x_wconf 76' lang='lat' dir='ltr'>¹concrusro.¹</span> 
     </span>
    </p>
   </div>
   <div class='ocr_carea' id='block_1_4' title="bbox 274 798 1838 2327">
    <p class='ocr_par' dir='ltr' id='par_1_4' title="bbox 274 798 1838 2327">
     <span class='ocr_line' id='line_1_4' title="bbox 402 798 1818 917; baseline 0.011 -32"><span class='ocrx_word' id='word_1_7' title='bbox 402 800 562 889; x_wconf 73' lang='lat' dir='ltr'>Ddusia</span> <span class='ocrx_word' id='word_1_8' title='bbox 582 824 661 914; x_wconf 91' lang='lat' dir='ltr'>pro</span> <span class='ocrx_word' id='word_1_9' title='bbox 685 799 869 917; x_wconf 85' lang='lat' dir='ltr'>vulgari,</span> <span class='ocrx_word' id='word_1_10' title='bbox 896 801 1236 917; x_wconf 69' lang='lat' dir='ltr'>receptislimlque</span> <span class='ocrx_word' id='word_1_11' title='bbox 1255 798 1312 887; x_wconf 90' lang='lat' dir='ltr'>de</span> <span class='ocrx_word' id='word_1_12' title='bbox 1331 805 1544 890; x_wconf 89' lang='lat' dir='ltr'>Laurentii</span> <span class='ocrx_word' id='word_1_13' title='bbox 1568 814 1695 917; x_wconf 77' lang='lat' dir='ltr'>patria</span> <span class='ocrx_word' id='word_1_14' title='bbox 1716 814 1818 902; x_wconf 84' lang='lat' dir='ltr'>sen-&#39;</span> 
     </span>
     <span class='ocr_line' id='line_1_5' title="bbox 276 808 1813 1043; baseline 0.007 -37"><span class='ocrx_word' id='word_1_15' title='bbox 276 808 400 1043; x_wconf 80' lang='lat' dir='ltr'><strong>A</strong></span> <span class='ocrx_word' id='word_1_16' title='bbox 433 924 559 1007; x_wconf 88' lang='lat' dir='ltr'>tentia</span> <span class='ocrx_word' id='word_1_17' title='bbox 586 914 761 1005; x_wconf 88' lang='lat' dir='ltr'>sufficere</span> <span class='ocrx_word' id='word_1_18' title='bbox 786 923 1000 1019; x_wconf 75' lang='lat' dir='ltr'>arbitror,</span> <span class='ocrx_word' id='word_1_19' title='bbox 1028 940 1073 1006; x_wconf 84' lang='lat' dir='ltr'>ut</span> <span class='ocrx_word' id='word_1_20' title='bbox 1099 920 1301 1005; x_wconf 83' lang='lat' dir='ltr'>blanchini</span> <span class='ocrx_word' id='word_1_21' title='bbox 1327 942 1450 1032; x_wconf 82' lang='lat' dir='ltr'>atque</span> <span class='ocrx_word' id='word_1_22' title='bbox 1468 920 1813 1018; x_wconf 81' lang='lat' dir='ltr'>Aduersariorum¹</span> 
     </span>
     <span class='ocr_line' id='line_1_6' title="bbox 284 1032 1814 1154; baseline 0.003 -25"><span class='ocrx_word' id='word_1_23' title='bbox 284 1042 522 1154; x_wconf 80' lang='lat' dir='ltr'>argumentis</span> <span class='ocrx_word' id='word_1_24' title='bbox 546 1032 741 1145; x_wconf 89' lang='lat' dir='ltr'>tantisper</span> <span class='ocrx_word' id='word_1_25' title='bbox 769 1045 930 1125; x_wconf 90' lang='lat' dir='ltr'>occurri</span> <span class='ocrx_word' id='word_1_26' title='bbox 961 1039 1011 1122; x_wconf 88' lang='lat' dir='ltr'>ab</span> <span class='ocrx_word' id='word_1_27' title='bbox 1039 1032 1227 1149; x_wconf 88' lang='lat' dir='ltr'>Hispanis</span> <span class='ocrx_word' id='word_1_28' title='bbox 1252 1039 1404 1149; x_wconf 82' lang='lat' dir='ltr'>potiit,</span> <span class='ocrx_word' id='word_1_29' title='bbox 1444 1038 1547 1123; x_wconf 89' lang='lat' dir='ltr'>durn</span> <span class='ocrx_word' id='word_1_30' title='bbox 1589 1042 1814 1136; x_wconf 80' lang='lat' dir='ltr'>industrior</span> 
     </span>
     <span class='ocr_line' id='line_1_7' title="bbox 281 1148 1811 1273; baseline 0.007 -31"><span class='ocrx_word' id='word_1_31' title='bbox 281 1186 422 1247; x_wconf 86' lang='lat' dir='ltr'>eorum</span> <span class='ocrx_word' id='word_1_32' title='bbox 451 1155 592 1263; x_wconf 92' lang='lat' dir='ltr'>aliquis</span> <span class='ocrx_word' id='word_1_33' title='bbox 609 1180 691 1239; x_wconf 93' lang='lat' dir='ltr'>non</span> <span class='ocrx_word' id='word_1_34' title='bbox 719 1148 1020 1267; x_wconf 71' lang='lat' dir='ltr'>perfunctorie,</span> <span class='ocrx_word' id='word_1_35' title='bbox 1049 1174 1093 1239; x_wconf 88' lang='lat' dir='ltr'>vt</span> <span class='ocrx_word' id='word_1_36' title='bbox 1117 1182 1219 1257; x_wconf 88' lang='lat' dir='ltr'>uos,</span> <span class='ocrx_word' id='word_1_37' title='bbox 1247 1157 1352 1243; x_wconf 86' lang='lat' dir='ltr'>hanc</span> <span class='ocrx_word' id='word_1_38' title='bbox 1368 1152 1436 1242; x_wconf 91' lang='lat' dir='ltr'>sibi</span> <span class='ocrx_word' id='word_1_39' title='bbox 1450 1156 1666 1247; x_wconf 86' lang='lat' dir='ltr'>ornandam</span> <span class='ocrx_word' id='word_1_40' title='bbox 1682 1165 1811 1273; x_wconf 85' lang='lat' dir='ltr'>Spar·</span> 
     </span>
     <span class='ocr_line' id='line_1_8' title="bbox 274 1269 1807 1388; baseline 0.004 -27"><span class='ocrx_word' id='word_1_41' title='bbox 274 1295 361 1363; x_wconf 87' lang='lat' dir='ltr'>tam</span> <span class='ocrx_word' id='word_1_42' title='bbox 388 1271 611 1384; x_wconf 87' lang='lat' dir='ltr'>deposcat,</span> <span class='ocrx_word' id='word_1_43' title='bbox 640 1269 746 1381; x_wconf 91' lang='lat' dir='ltr'>quod</span> <span class='ocrx_word' id='word_1_44' title='bbox 777 1291 824 1361; x_wconf 84' lang='lat' dir='ltr'>ut</span> <span class='ocrx_word' id='word_1_45' title='bbox 854 1278 972 1359; x_wconf 91' lang='lat' dir='ltr'>initio</span> <span class='ocrx_word' id='word_1_46' title='bbox 1010 1280 1237 1359; x_wconf 87' lang='lat' dir='ltr'>monuimus</span> <span class='ocrx_word' id='word_1_47' title='bbox 1262 1273 1513 1388; x_wconf 83' lang='lat' dir='ltr'>propofitunr</span> <span class='ocrx_word' id='word_1_48' title='bbox 1539 1276 1656 1362; x_wconf 84' lang='lat' dir='ltr'>uobis</span> <span class='ocrx_word' id='word_1_49' title='bbox 1686 1276 1807 1371; x_wconf 90' lang='lat' dir='ltr'>suit.</span> 
     </span>
     <span class='ocr_line' id='line_1_9' title="bbox 282 1385 1805 1506; baseline 0.005 -31"><span class='ocrx_word' id='word_1_50' title='bbox 282 1393 436 1478; x_wconf 81' lang='lat' dir='ltr'>Erit&amp;</span> <span class='ocrx_word' id='word_1_51' title='bbox 465 1390 504 1470; x_wconf 90' lang='lat' dir='ltr'>in</span> <span class='ocrx_word' id='word_1_52' title='bbox 536 1387 583 1471; x_wconf 92' lang='lat' dir='ltr'>iis</span> <span class='ocrx_word' id='word_1_53' title='bbox 608 1385 799 1490; x_wconf 81' lang='lat' dir='ltr'>fortassis,</span> <span class='ocrx_word' id='word_1_54' title='bbox 822 1420 910 1505; x_wconf 90' lang='lat' dir='ltr'>-quo</span> <span class='ocrx_word' id='word_1_55' title='bbox 925 1408 1039 1478; x_wconf 85' lang='lat' dir='ltr'>vetus</span> <span class='ocrx_word' id='word_1_56' title='bbox 1064 1386 1133 1475; x_wconf 88' lang='lat' dir='ltr'>illa</span> <span class='ocrx_word' id='word_1_57' title='bbox 1153 1389 1369 1478; x_wconf 87' lang='lat' dir='ltr'>eorundem</span> <span class='ocrx_word' id='word_1_58' title='bbox 1391 1395 1539 1506; x_wconf 89' lang='lat' dir='ltr'>opinio</span> <span class='ocrx_word' id='word_1_59' title='bbox 1564 1395 1805 1483; x_wconf 85' lang='lat' dir='ltr'>attributum</span> 
     </span>
     <span class='ocr_line' id='line_1_10' title="bbox 283 1501 1810 1622; baseline 0.002 -29"><span class='ocrx_word' id='word_1_60' title='bbox 283 1507 356 1620; x_wconf 88' lang='lat' dir='ltr'>ipsr</span> <span class='ocrx_word' id='word_1_61' title='bbox 382 1535 468 1597; x_wconf 88' lang='lat' dir='ltr'>non</span> <span class='ocrx_word' id='word_1_62' title='bbox 495 1506 519 1589; x_wconf 79' lang='lat' dir='ltr'>a</span> <span class='ocrx_word' id='word_1_63' title='bbox 546 1501 779 1589; x_wconf 82' lang='lat' dir='ltr'>Domesticis</span> <span class='ocrx_word' id='word_1_64' title='bbox 795 1508 948 1606; x_wconf 82' lang='lat' dir='ltr'>modb,</span> <span class='ocrx_word' id='word_1_65' title='bbox 978 1504 1044 1594; x_wconf 86' lang='lat' dir='ltr'>sed</span> <span class='ocrx_word' id='word_1_66' title='bbox 1070 1507 1114 1589; x_wconf 65' lang='grc' dir='ltr'>ἃ</span> <span class='ocrx_word' id='word_1_67' title='bbox 1136 1510 1186 1596; x_wconf 92' lang='lat' dir='ltr'>ab</span> <span class='ocrx_word' id='word_1_68' title='bbox 1200 1508 1359 1596; x_wconf 83' lang='lat' dir='ltr'>Exteris</span> <span class='ocrx_word' id='word_1_69' title='bbox 1379 1506 1594 1622; x_wconf 85' lang='lat' dir='ltr'>quibusque</span> <span class='ocrx_word' id='word_1_70' title='bbox 1612 1513 1810 1622; x_wconf 79' lang='lat' dir='ltr'>Scripto-</span> 
     </span>
     <span class='ocr_line' id='line_1_11' title="bbox 280 1619 1807 1742; baseline 0.003 -33"><span class='ocrx_word' id='word_1_71' title='bbox 280 1625 390 1710; x_wconf 86' lang='lat' dir='ltr'>ribus</span> <span class='ocrx_word' id='word_1_72' title='bbox 415 1620 572 1709; x_wconf 88' lang='lat' dir='ltr'>maioris</span> <span class='ocrx_word' id='word_1_73' title='bbox 595 1646 676 1732; x_wconf 85' lang='lat' dir='ltr'>prae</span> <span class='ocrx_word' id='word_1_74' title='bbox 702 1619 788 1707; x_wconf 91' lang='lat' dir='ltr'>aliis</span> <span class='ocrx_word' id='word_1_75' title='bbox 822 1624 1114 1737; x_wconf 82' lang='lat' dir='ltr'>probabilitatis</span> <span class='ocrx_word' id='word_1_76' title='bbox 1136 1628 1305 1735; x_wconf 90' lang='lat' dir='ltr'>gradum</span> <span class='ocrx_word' id='word_1_77' title='bbox 1329 1627 1650 1742; x_wconf 84' lang='lat' dir='ltr'>dignitatemque</span> <span class='ocrx_word' id='word_1_78' title='bbox 1683 1625 1807 1714; x_wconf 71' lang='lat' dir='ltr'>facile</span> 
     </span>
     <span class='ocr_line' id='line_1_12' title="bbox 279 1734 1805 1858; baseline 0.001 -30"><span class='ocrx_word' id='word_1_79' title='bbox 279 1747 388 1828; x_wconf 87' lang='lat' dir='ltr'>tueri</span> <span class='ocrx_word' id='word_1_80' title='bbox 418 1761 434 1841; x_wconf 81' lang='lat'>3</span> <span class='ocrx_word' id='word_1_81' title='bbox 459 1734 710 1848; x_wconf 78' lang='lat' dir='ltr'>traditioque</span> <span class='ocrx_word' id='word_1_82' title='bbox 735 1739 911 1849; x_wconf 93' lang='lat' dir='ltr'>ipsorum</span> <span class='ocrx_word' id='word_1_83' title='bbox 941 1741 966 1824; x_wconf 83' lang='lat' dir='ltr'>ai</span> <span class='ocrx_word' id='word_1_84' title='bbox 996 1745 1207 1830; x_wconf 91' lang='lat' dir='ltr'>maioribus</span> <span class='ocrx_word' id='word_1_85' title='bbox 1234 1764 1431 1854; x_wconf 85' lang='lat' dir='ltr'>accepta,</span> <span class='ocrx_word' id='word_1_86' title='bbox 1460 1746 1631 1858; x_wconf 85' lang='lat' dir='ltr'>antiquis</span> <span class='ocrx_word' id='word_1_87' title='bbox 1653 1772 1805 1831; x_wconf 88' lang='lat' dir='ltr'>monu-</span> 
     </span>
     <span class='ocr_line' id='line_1_13' title="bbox 275 1849 1805 1974; baseline 0.001 -28"><span class='ocrx_word' id='word_1_88' title='bbox 275 1862 428 1945; x_wconf 82' lang='lat' dir='ltr'>mentis</span> <span class='ocrx_word' id='word_1_89' title='bbox 457 1849 728 1955; x_wconf 87' lang='lat' dir='ltr'>confirmata,</span> <span class='ocrx_word' id='word_1_90' title='bbox 768 1860 1074 1972; x_wconf 86' lang='lat' dir='ltr'>continentique</span> <span class='ocrx_word' id='word_1_91' title='bbox 1103 1862 1143 1943; x_wconf 88' lang='lat'>&amp;</span> <span class='ocrx_word' id='word_1_92' title='bbox 1167 1881 1362 1974; x_wconf 87' lang='lat' dir='ltr'>perpetuo</span> <span class='ocrx_word' id='word_1_93' title='bbox 1388 1859 1458 1944; x_wconf 88' lang='lat' dir='ltr'>filo</span> <span class='ocrx_word' id='word_1_94' title='bbox 1489 1859 1543 1947; x_wconf 86' lang='lat' dir='ltr'>ad</span> <span class='ocrx_word' id='word_1_95' title='bbox 1572 1861 1653 1946; x_wconf 82' lang='lat' dir='ltr'>hac</span> <span class='ocrx_word' id='word_1_96' title='bbox 1678 1860 1805 1973; x_wconf 82' lang='lat' dir='ltr'>usque</span> 
     </span>
     <span class='ocr_line' id='line_1_14' title="bbox 281 1967 1838 2090; baseline 0.001 -28"><span class='ocrx_word' id='word_1_97' title='bbox 281 1996 462 2089; x_wconf 87' lang='lat' dir='ltr'>tempora</span> <span class='ocrx_word' id='word_1_98' title='bbox 474 1967 650 2059; x_wconf 71' lang='lat' dir='ltr'>deducta</span> <span class='ocrx_word' id='word_1_99' title='bbox 669 1998 798 2058; x_wconf 88' lang='lat' dir='ltr'>novas</span> <span class='ocrx_word' id='word_1_100' title='bbox 814 1980 919 2063; x_wconf 82' lang='lat' dir='ltr'>vires</span> <span class='ocrx_word' id='word_1_101' title='bbox 938 2003 1082 2090; x_wconf 87' lang='lat' dir='ltr'>capere</span> <span class='ocrx_word' id='word_1_102' title='bbox 1106 1976 1253 2089; x_wconf 84' lang='lat' dir='ltr'>possrt3</span> <span class='ocrx_word' id='word_1_103' title='bbox 1283 1984 1405 2063; x_wconf 88' lang='lat' dir='ltr'>immo</span> <span class='ocrx_word' id='word_1_104' title='bbox 1419 1976 1568 2077; x_wconf 88' lang='lat' dir='ltr'>etiam,</span> <span class='ocrx_word' id='word_1_105' title='bbox 1592 2002 1676 2086; x_wconf 91' lang='lat' dir='ltr'>quo</span> <span class='ocrx_word' id='word_1_106' title='bbox 1693 1976 1808 2090; x_wconf 86' lang='lat' dir='ltr'>pris·</span> <span class='ocrx_word' id='word_1_107' title='bbox 1833 2000 1838 2007; x_wconf 86' lang='lat'>·</span> 
     </span>
     <span class='ocr_line' id='line_1_15' title="bbox 276 2086 1805 2207; baseline 0.003 -32"><span class='ocrx_word' id='word_1_108' title='bbox 276 2119 367 2176; x_wconf 85' lang='lat' dir='ltr'>carn</span> <span class='ocrx_word' id='word_1_109' title='bbox 394 2088 536 2190; x_wconf 90' lang='lat' dir='ltr'>illam,</span> <span class='ocrx_word' id='word_1_110' title='bbox 556 2086 782 2202; x_wconf 85' lang='lat' dir='ltr'>nedumque</span> <span class='ocrx_word' id='word_1_111' title='bbox 808 2095 864 2179; x_wconf 86' lang='lat' dir='ltr'>ab</span> <span class='ocrx_word' id='word_1_112' title='bbox 886 2093 1088 2180; x_wconf 89' lang='lat' dir='ltr'>homiuum</span> <span class='ocrx_word' id='word_1_113' title='bbox 1112 2094 1308 2181; x_wconf 76' lang='lat' dir='ltr'>memorii</span> <span class='ocrx_word' id='word_1_114' title='bbox 1325 2093 1617 2201; x_wconf 79' lang='lat' dir='ltr'>remotiffimam</span> <span class='ocrx_word' id='word_1_115' title='bbox 1642 2093 1805 2207; x_wconf 89' lang='lat' dir='ltr'>(quam</span> 
     </span>
     <span class='ocr_line' id='line_1_16' title="bbox 276 2204 1804 2327; baseline -0.002 -31"><span class='ocrx_word' id='word_1_116' title='bbox 276 2206 592 2296; x_wconf 79' lang='lat' dir='ltr'>immemorialem</span> <span class='ocrx_word' id='word_1_117' title='bbox 615 2204 757 2319; x_wconf 85' lang='lat' dir='ltr'>uulgus</span> <span class='ocrx_word' id='word_1_118' title='bbox 784 2206 1017 2327; x_wconf 83' lang='lat' dir='ltr'>appellat),</span> <span class='ocrx_word' id='word_1_119' title='bbox 1046 2208 1114 2296; x_wconf 91' lang='lat' dir='ltr'>sed</span> <span class='ocrx_word' id='word_1_120' title='bbox 1136 2207 1217 2298; x_wconf 90' lang='lat' dir='ltr'>sere</span> <span class='ocrx_word' id='word_1_121' title='bbox 1240 2207 1622 2325; x_wconf 88' lang='lat' dir='ltr'>sesquimillenariam</span> <span class='ocrx_word' id='word_1_122' title='bbox 1651 2210 1804 2320; x_wconf 90' lang='lat' dir='ltr'>Hispa-</span> 
     </span>
    </p>
   </div>
   <div class='ocr_carea' id='block_1_5' title="bbox 279 2320 1805 2901">
    <p class='ocr_par' dir='ltr' id='par_1_5' title="bbox 279 2320 1803 2519">
     <span class='ocr_line' id='line_1_17' title="bbox 279 2320 1803 2519; baseline 0.001 -110"><span class='ocrx_word' id='word_1_123' title='bbox 279 2348 419 2411; x_wconf 88' lang='lat' dir='ltr'>norum</span> <span class='ocrx_word' id='word_1_124' title='bbox 446 2320 500 2403; x_wconf 89' lang='lat' dir='ltr'>de</span> <span class='ocrx_word' id='word_1_125' title='bbox 527 2322 866 2519; x_wconf 47' lang='lat' dir='ltr'>Laurentirppqd</span> <span class='ocrx_word' id='word_1_126' title='bbox 892 2326 994 2436; x_wconf 92' lang='lat' dir='ltr'>ipsos</span> <span class='ocrx_word' id='word_1_127' title='bbox 1025 2324 1152 2411; x_wconf 89' lang='lat' dir='ltr'>natali</span> <span class='ocrx_word' id='word_1_128' title='bbox 1178 2326 1493 2439; x_wconf 83' lang='lat' dir='ltr'>posseffionem,</span> <span class='ocrx_word' id='word_1_129' title='bbox 1529 2324 1612 2437; x_wconf 79' lang='lat' dir='ltr'>quai</span> <span class='ocrx_word' id='word_1_130' title='bbox 1637 2324 1803 2411; x_wconf 90' lang='lat' dir='ltr'>demum</span> 
     </span>
    </p>

    <p class='ocr_par' dir='ltr' id='par_1_6' title="bbox 279 2439 1805 2901">
     <span class='ocr_line' id='line_1_18' title="bbox 749 2439 1805 2547; baseline 0.01 -28"><span class='ocrx_word' id='word_1_131' title='bbox 749 2460 771 2519; x_wconf 80' lang='lat' dir='ltr'>v</span> <span class='ocrx_word' id='word_1_132' title='bbox 834 2439 907 2521; x_wconf 87' lang='lat' dir='ltr'>arii</span> <span class='ocrx_word' id='word_1_133' title='bbox 943 2445 1165 2535; x_wconf 78' lang='lat' dir='ltr'>iactitant,</span> <span class='ocrx_word' id='word_1_134' title='bbox 1208 2468 1483 2526; x_wconf 74' lang='lat' dir='ltr'>acarnauoae</span> <span class='ocrx_word' id='word_1_135' title='bbox 1510 2441 1625 2547; x_wconf 89' lang='lat' dir='ltr'>quod</span> <span class='ocrx_word' id='word_1_136' title='bbox 1652 2463 1805 2530; x_wconf 86' lang='lat' dir='ltr'>vocant</span> 
     </span>
     <span class='ocr_line' id='line_1_19' title="bbox 279 2541 1802 2666; baseline 0 -24"><span class='ocrx_word' id='word_1_137' title='bbox 279 2582 564 2652; x_wconf 74' lang='lat' dir='ltr'>turanorum,</span> <span class='ocrx_word' id='word_1_138' title='bbox 589 2576 722 2666; x_wconf 68' lang='lat' dir='ltr'>QOD.</span> <span class='ocrx_word' id='word_1_139' title='bbox 742 2541 891 2636; x_wconf 87' lang='lat' dir='ltr'>scilicet</span> <span class='ocrx_word' id='word_1_140' title='bbox 917 2575 1000 2635; x_wconf 80' lang='lat' dir='ltr'>nec</span> <span class='ocrx_word' id='word_1_141' title='bbox 1030 2580 1075 2639; x_wconf 88' lang='lat' dir='ltr'>vr</span> <span class='ocrx_word' id='word_1_142' title='bbox 1105 2606 1120 2654; x_wconf 92' lang='lat'>,</span> <span class='ocrx_word' id='word_1_143' title='bbox 1150 2578 1233 2636; x_wconf 79' lang='lat' dir='ltr'>nee</span> <span class='ocrx_word' id='word_1_144' title='bbox 1258 2580 1376 2639; x_wconf 80' lang='lat' dir='ltr'>crau</span> <span class='ocrx_word' id='word_1_145' title='bbox 1403 2603 1419 2649; x_wconf 93' lang='lat'>,</span> <span class='ocrx_word' id='word_1_146' title='bbox 1445 2580 1529 2640; x_wconf 83' lang='lat' dir='ltr'>nec</span> <span class='ocrx_word' id='word_1_147' title='bbox 1555 2582 1802 2661; x_wconf 78' lang='lat' dir='ltr'>auucanro,</span> 
     </span>
     <span class='ocr_line' id='line_1_20' title="bbox 279 2694 1802 2771; baseline 0.001 -12"><span class='ocrx_word' id='word_1_148' title='bbox 279 2700 414 2760; x_wconf 70' lang='lat' dir='ltr'>aaran</span> <span class='ocrx_word' id='word_1_149' title='bbox 439 2697 496 2755; x_wconf 79' lang='lat' dir='ltr'>aa</span> <span class='ocrx_word' id='word_1_150' title='bbox 528 2698 732 2771; x_wconf 74' lang='lat' dir='ltr'>nerano,</span> <span class='ocrx_word' id='word_1_151' title='bbox 768 2694 1053 2757; x_wconf 77' lang='lat' dir='ltr'>anvnan&#39;rrvn</span> <span class='ocrx_word' id='word_1_152' title='bbox 1080 2695 1303 2758; x_wconf 78' lang='lat' dir='ltr'>nacrruvs</span> <span class='ocrx_word' id='word_1_153' title='bbox 1328 2694 1668 2768; x_wconf 67' lang='lat' dir='ltr'>rossemannus,</span> <span class='ocrx_word' id='word_1_154' title='bbox 1704 2701 1802 2759; x_wconf 80' lang='lat' dir='ltr'>ava·</span> 
     </span>
     <span class='ocr_line' id='line_1_21' title="bbox 280 2782 1801 2901; baseline 0.001 -30"><span class='ocrx_word' id='word_1_155' title='bbox 280 2815 586 2892; x_wconf 70' lang='lat' dir='ltr'>summonitus,</span> <span class='ocrx_word' id='word_1_156' title='bbox 618 2812 691 2898; x_wconf 91' lang='lat' dir='ltr'>per</span> <span class='ocrx_word' id='word_1_157' title='bbox 716 2782 979 2871; x_wconf 84' lang='lat' dir='ltr'>Litterarium</span> <span class='ocrx_word' id='word_1_158' title='bbox 1009 2788 1221 2872; x_wconf 78' lang='lat' dir='ltr'>Pratorem</span> <span class='ocrx_word' id='word_1_159' title='bbox 1246 2784 1542 2885; x_wconf 85' lang='lat' dir='ltr'>adiuvandam,</span> <span class='ocrx_word' id='word_1_160' title='bbox 1566 2806 1686 2901; x_wconf 88' lang='lat' dir='ltr'>atque</span> <span class='ocrx_word' id='word_1_161' title='bbox 1710 2816 1801 2873; x_wconf 81' lang='lat' dir='ltr'>ao·</span> 
     </span>
    </p>
   </div>
   <div class='ocr_carea' id='block_1_6' title="bbox 276 2899 1798 3123">
    <p class='ocr_par' dir='ltr' id='par_1_7' title="bbox 276 2899 1798 3123">
     <span class='ocr_line' id='line_1_22' title="bbox 276 2899 1506 3011; baseline -0.011 -17"><span class='ocrx_word' id='word_1_162' title='bbox 276 2934 424 2995; x_wconf 79' lang='lat' dir='ltr'>versvs</span> <span class='ocrx_word' id='word_1_163' title='bbox 446 2932 538 2991; x_wconf 76' lang='lat' dir='ltr'>aaut</span> <span class='ocrx_word' id='word_1_164' title='bbox 563 2932 646 2993; x_wconf 77' lang='lat' dir='ltr'>urar</span> <span class='ocrx_word' id='word_1_165' title='bbox 678 2928 781 2988; x_wconf 83' lang='lat' dir='ltr'>rrrru</span> <span class='ocrx_word' id='word_1_166' title='bbox 809 2928 1055 2991; x_wconf 80' lang='lat' dir='ltr'>vurauovru</span> <span class='ocrx_word' id='word_1_167' title='bbox 1083 2899 1251 3011; x_wconf 85' lang='lat' dir='ltr'>Hispani</span> <span class='ocrx_word' id='word_1_168' title='bbox 1280 2901 1506 3010; x_wconf 72' lang='lat' dir='ltr'>speremus,</span> 
     </span>
     <span class='ocr_line' id='line_1_23' title="bbox 392 3011 1798 3123; baseline -0.001 -23"><span class='ocrx_word' id='word_1_169' title='bbox 392 3026 464 3101; x_wconf 84' lang='lat' dir='ltr'>Sin</span> <span class='ocrx_word' id='word_1_170' title='bbox 485 3021 581 3101; x_wconf 79' lang='lat' dir='ltr'>verb</span> <span class='ocrx_word' id='word_1_171' title='bbox 607 3034 748 3123; x_wconf 88' lang='lat' dir='ltr'>practer</span> <span class='ocrx_word' id='word_1_172' title='bbox 767 3018 894 3097; x_wconf 83' lang='lat' dir='ltr'>animi</span> <span class='ocrx_word' id='word_1_173' title='bbox 911 3014 1173 3112; x_wconf 85' lang='lat' dir='ltr'>sententiam,</span> <span class='ocrx_word' id='word_1_174' title='bbox 1198 3012 1307 3099; x_wconf 77' lang='lat' dir='ltr'>cerse</span> <span class='ocrx_word' id='word_1_175' title='bbox 1331 3011 1474 3095; x_wconf 78' lang='lat' dir='ltr'>contrai</span> <span class='ocrx_word' id='word_1_176' title='bbox 1501 3030 1640 3095; x_wconf 84' lang='lat' dir='ltr'>uotunr</span> <span class='ocrx_word' id='word_1_177' title='bbox 1666 3042 1798 3099; x_wconf 89' lang='lat' dir='ltr'>cona-</span> 
     </span>
    </p>
   </div>
   <div class='ocr_carea' id='block_1_7' title="bbox 276 3122 1813 5197">
    <p class='ocr_par' dir='ltr' id='par_1_8' title="bbox 276 3122 1802 4179">
     <span class='ocr_line' id='line_1_24' title="bbox 280 3122 1798 3241; baseline -0.007 -18"><span class='ocrx_word' id='word_1_178' title='bbox 280 3136 385 3223; x_wconf 89' lang='lat' dir='ltr'>tibus</span> <span class='ocrx_word' id='word_1_179' title='bbox 423 3130 532 3218; x_wconf 90' lang='lat' dir='ltr'>hisce</span> <span class='ocrx_word' id='word_1_180' title='bbox 565 3126 706 3213; x_wconf 88' lang='lat' dir='ltr'>nostris</span> <span class='ocrx_word' id='word_1_181' title='bbox 735 3124 935 3238; x_wconf 80' lang='lat' dir='ltr'>publicant</span> <span class='ocrx_word' id='word_1_182' title='bbox 973 3127 1243 3241; x_wconf 84' lang='lat' dir='ltr'>Hispanorum</span> <span class='ocrx_word' id='word_1_183' title='bbox 1272 3122 1425 3213; x_wconf 83' lang='lat' dir='ltr'>causant</span> <span class='ocrx_word' id='word_1_184' title='bbox 1461 3126 1627 3211; x_wconf 73' lang='lat' dir='ltr'>minime</span> <span class='ocrx_word' id='word_1_185' title='bbox 1665 3133 1798 3215; x_wconf 85' lang='lat' dir='ltr'>iuvari</span> 
     </span>
     <span class='ocr_line' id='line_1_25' title="bbox 276 3239 1802 3361; baseline -0.005 -23"><span class='ocrx_word' id='word_1_186' title='bbox 276 3249 496 3358; x_wconf 87' lang='lat' dir='ltr'>contigerit</span> <span class='ocrx_word' id='word_1_187' title='bbox 522 3243 551 3361; x_wconf 87' lang='lat'>(</span> <span class='ocrx_word' id='word_1_188' title='bbox 566 3242 702 3331; x_wconf 88' lang='lat' dir='ltr'>eadem</span> <span class='ocrx_word' id='word_1_189' title='bbox 727 3243 782 3329; x_wconf 91' lang='lat' dir='ltr'>de</span> <span class='ocrx_word' id='word_1_190' title='bbox 807 3245 934 3356; x_wconf 91' lang='lat' dir='ltr'>priori</span> <span class='ocrx_word' id='word_1_191' title='bbox 984 3249 1024 3328; x_wconf 91' lang='lat' dir='ltr'>in</span> <span class='ocrx_word' id='word_1_192' title='bbox 1054 3273 1139 3358; x_wconf 91' lang='lat' dir='ltr'>quo</span> <span class='ocrx_word' id='word_1_193' title='bbox 1174 3244 1229 3330; x_wconf 91' lang='lat' dir='ltr'>de</span> <span class='ocrx_word' id='word_1_194' title='bbox 1254 3239 1424 3330; x_wconf 88' lang='lat' dir='ltr'>Damaso</span> <span class='ocrx_word' id='word_1_195' title='bbox 1451 3248 1600 3352; x_wconf 87' lang='lat' dir='ltr'>egimus</span> <span class='ocrx_word' id='word_1_196' title='bbox 1622 3244 1802 3356; x_wconf 90' lang='lat' dir='ltr'>opuscu-</span> 
     </span>
     <span class='ocr_line' id='line_1_26' title="bbox 281 3353 1801 3559; baseline -0.004 -107"><span class='ocrx_word' id='word_1_197' title='bbox 281 3366 325 3454; x_wconf 92' lang='lat' dir='ltr'>lo</span> <span class='ocrx_word' id='word_1_198' title='bbox 351 3364 458 3451; x_wconf 72' lang='lat' dir='ltr'>dista</span> <span class='ocrx_word' id='word_1_199' title='bbox 488 3357 779 3559; x_wconf 46' lang='lat' dir='ltr'>censentorjz</span> <span class='ocrx_word' id='word_1_200' title='bbox 810 3358 980 3446; x_wconf 85' lang='lat' dir='ltr'>noslram</span> <span class='ocrx_word' id='word_1_201' title='bbox 1011 3367 1145 3472; x_wconf 88' lang='lat' dir='ltr'>potius</span> <span class='ocrx_word' id='word_1_202' title='bbox 1173 3367 1411 3448; x_wconf 85' lang='lat' dir='ltr'>tenuitatem</span> <span class='ocrx_word' id='word_1_203' title='bbox 1444 3353 1694 3445; x_wconf 78' lang='lat' dir='ltr'>incusandum</span> <span class='ocrx_word' id='word_1_204' title='bbox 1724 3390 1801 3449; x_wconf 87' lang='lat' dir='ltr'>vo-</span> 
     </span>
     <span class='ocr_line' id='line_1_27' title="bbox 280 3476 1798 3597; baseline -0.002 -31"><span class='ocrx_word' id='word_1_205' title='bbox 280 3480 441 3584; x_wconf 85' lang='lat' dir='ltr'>luntus,</span> <span class='ocrx_word' id='word_1_206' title='bbox 472 3480 595 3594; x_wconf 75' lang='lat' dir='ltr'>quim</span> <span class='ocrx_word' id='word_1_207' title='bbox 621 3478 702 3597; x_wconf 78' lang='lat' dir='ltr'>qui&gt;</span> <span class='ocrx_word' id='word_1_208' title='bbox 762 3482 949 3593; x_wconf 86' lang='lat' dir='ltr'>utrique,</span> <span class='ocrx_word' id='word_1_209' title='bbox 975 3495 1046 3562; x_wconf 92' lang='lat' dir='ltr'>aut</span> <span class='ocrx_word' id='word_1_210' title='bbox 1082 3477 1196 3564; x_wconf 85' lang='lat' dir='ltr'>alteri</span> <span class='ocrx_word' id='word_1_211' title='bbox 1229 3505 1278 3564; x_wconf 84' lang='lat' dir='ltr'>ex</span> <span class='ocrx_word' id='word_1_212' title='bbox 1310 3476 1368 3562; x_wconf 91' lang='lat' dir='ltr'>his</span> <span class='ocrx_word' id='word_1_213' title='bbox 1395 3478 1647 3590; x_wconf 87' lang='lat' dir='ltr'>opinionibus</span> <span class='ocrx_word' id='word_1_214' title='bbox 1683 3478 1798 3590; x_wconf 87' lang='lat' dir='ltr'>apud</span> 
     </span>
     <span class='ocr_line' id='line_1_28' title="bbox 282 3592 1796 3704; baseline -0.004 -19"><span class='ocrx_word' id='word_1_215' title='bbox 282 3602 404 3685; x_wconf 92' lang='lat' dir='ltr'>Viros</span> <span class='ocrx_word' id='word_1_216' title='bbox 432 3598 585 3687; x_wconf 75' lang='lat' dir='ltr'>Doslos</span> <span class='ocrx_word' id='word_1_217' title='bbox 625 3596 692 3685; x_wconf 85' lang='lat' dir='ltr'>vel</span> <span class='ocrx_word' id='word_1_218' title='bbox 725 3595 942 3681; x_wconf 86' lang='lat' dir='ltr'>minimum</span> <span class='ocrx_word' id='word_1_219' title='bbox 985 3592 1273 3704; x_wconf 84' lang='lat' dir='ltr'>probabilitatis</span> <span class='ocrx_word' id='word_1_220' title='bbox 1308 3592 1510 3681; x_wconf 80' lang='lat' dir='ltr'>decedat.</span> <span class='ocrx_word' id='word_1_221' title='bbox 1552 3596 1639 3679; x_wconf 92' lang='lat' dir='ltr'>Nos</span> <span class='ocrx_word' id='word_1_222' title='bbox 1680 3595 1796 3681; x_wconf 75' lang='lat' dir='ltr'>certe</span> 
     </span>
     <span class='ocr_line' id='line_1_29' title="bbox 279 3710 1801 3829; baseline 0 -28"><span class='ocrx_word' id='word_1_223' title='bbox 279 3717 447 3829; x_wconf 85' lang='lat' dir='ltr'>suscepti</span> <span class='ocrx_word' id='word_1_224' title='bbox 478 3716 627 3803; x_wconf 90' lang='lat' dir='ltr'>laboris</span> <span class='ocrx_word' id='word_1_225' title='bbox 652 3740 855 3826; x_wconf 89' lang='lat' dir='ltr'>nunquam</span> <span class='ocrx_word' id='word_1_226' title='bbox 883 3710 1141 3824; x_wconf 86' lang='lat' dir='ltr'>poenitebit,</span> <span class='ocrx_word' id='word_1_227' title='bbox 1167 3735 1290 3823; x_wconf 88' lang='lat' dir='ltr'>quem</span> <span class='ocrx_word' id='word_1_228' title='bbox 1319 3736 1391 3795; x_wconf 88' lang='lat' dir='ltr'>nec</span> <span class='ocrx_word' id='word_1_229' title='bbox 1420 3713 1505 3794; x_wconf 88' lang='lat' dir='ltr'>aliis</span> <span class='ocrx_word' id='word_1_230' title='bbox 1528 3710 1692 3796; x_wconf 72' lang='lat' dir='ltr'>districti</span> <span class='ocrx_word' id='word_1_231' title='bbox 1714 3738 1801 3801; x_wconf 85' lang='lat' dir='ltr'>rna.-</span> 
     </span>
     <span class='ocr_line' id='line_1_30' title="bbox 281 3824 1798 3942; baseline -0.005 -26"><span class='ocrx_word' id='word_1_232' title='bbox 281 3837 409 3919; x_wconf 87' lang='lat' dir='ltr'>iorem</span> <span class='ocrx_word' id='word_1_233' title='bbox 439 3829 678 3931; x_wconf 87' lang='lat' dir='ltr'>adhibere,</span> <span class='ocrx_word' id='word_1_234' title='bbox 715 3857 886 3942; x_wconf 88' lang='lat' dir='ltr'>neque,</span> <span class='ocrx_word' id='word_1_235' title='bbox 928 3824 1155 3937; x_wconf 81' lang='lat' dir='ltr'>srprirnum</span> <span class='ocrx_word' id='word_1_236' title='bbox 1188 3828 1369 3912; x_wconf 89' lang='lat' dir='ltr'>omnium</span> <span class='ocrx_word' id='word_1_237' title='bbox 1410 3826 1508 3937; x_wconf 82' lang='lat' dir='ltr'>ergai</span> <span class='ocrx_word' id='word_1_238' title='bbox 1540 3826 1670 3912; x_wconf 89' lang='lat' dir='ltr'>Deum</span> <span class='ocrx_word' id='word_1_239' title='bbox 1701 3824 1798 3912; x_wconf 88' lang='lat' dir='ltr'>offi-</span> 
     </span>
     <span class='ocr_line' id='line_1_31' title="bbox 281 3941 1799 4059; baseline -0.001 -28"><span class='ocrx_word' id='word_1_240' title='bbox 281 3948 391 4032; x_wconf 84' lang='lat' dir='ltr'>cium</span> <span class='ocrx_word' id='word_1_241' title='bbox 416 3945 670 4058; x_wconf 84' lang='lat' dir='ltr'>dempseris,</span> <span class='ocrx_word' id='word_1_242' title='bbox 696 3944 898 4036; x_wconf 77' lang='lat' dir='ltr'>honestius</span> <span class='ocrx_word' id='word_1_243' title='bbox 929 3941 1048 4059; x_wconf 83' lang='lat' dir='ltr'>quairn</span> <span class='ocrx_word' id='word_1_244' title='bbox 1079 3944 1183 4031; x_wconf 88' lang='lat' dir='ltr'>bene</span> <span class='ocrx_word' id='word_1_245' title='bbox 1207 3942 1404 4031; x_wconf 84' lang='lat' dir='ltr'>merendo</span> <span class='ocrx_word' id='word_1_246' title='bbox 1426 3942 1481 4031; x_wconf 87' lang='lat' dir='ltr'>de</span> <span class='ocrx_word' id='word_1_247' title='bbox 1510 3948 1638 4058; x_wconf 88' lang='lat' dir='ltr'>patria</span> <span class='ocrx_word' id='word_1_248' title='bbox 1667 3942 1799 4032; x_wconf 88' lang='lat' dir='ltr'>collo.-</span> 
     </span>
     <span class='ocr_line' id='line_1_32' title="bbox 277 4066 821 4179; baseline 0.004 -34"><span class='ocrx_word' id='word_1_249' title='bbox 277 4088 369 4149; x_wconf 87' lang='lat' dir='ltr'>care</span> <span class='ocrx_word' id='word_1_250' title='bbox 396 4087 566 4173; x_wconf 86' lang='lat' dir='ltr'>unquam</span> <span class='ocrx_word' id='word_1_251' title='bbox 591 4066 821 4179; x_wconf 87' lang='lat' dir='ltr'>potuimus.</span> 
     </span>
    </p>

    <p class='ocr_par' dir='ltr' id='par_1_9' title="bbox 278 4176 1807 5104">
     <span class='ocr_line' id='line_1_33' title="bbox 401 4176 1801 4296; baseline 0.004 -35"><span class='ocrx_word' id='word_1_252' title='bbox 401 4180 562 4269; x_wconf 88' lang='lat' dir='ltr'>Interea</span> <span class='ocrx_word' id='word_1_253' title='bbox 593 4183 696 4269; x_wconf 84' lang='lat' dir='ltr'>uerb</span> <span class='ocrx_word' id='word_1_254' title='bbox 731 4178 852 4269; x_wconf 79' lang='lat' dir='ltr'>srael</span> <span class='ocrx_word' id='word_1_255' title='bbox 886 4180 1158 4296; x_wconf 81' lang='lat' dir='ltr'>inspientibus</span> <span class='ocrx_word' id='word_1_256' title='bbox 1183 4209 1274 4268; x_wconf 89' lang='lat' dir='ltr'>cunr</span> <span class='ocrx_word' id='word_1_257' title='bbox 1302 4178 1496 4289; x_wconf 82' lang='lat' dir='ltr'>Apossolo</span> <span class='ocrx_word' id='word_1_258' title='bbox 1527 4176 1683 4268; x_wconf 86' lang='lat' dir='ltr'>debitor</span> <span class='ocrx_word' id='word_1_259' title='bbox 1712 4177 1801 4267; x_wconf 91' lang='lat' dir='ltr'>esse</span> 
     </span>
     <span class='ocr_line' id='line_1_34' title="bbox 278 4294 1800 4411; baseline -0.001 -31"><span class='ocrx_word' id='word_1_260' title='bbox 278 4296 516 4384; x_wconf 76' lang='lat' dir='ltr'>blanchinus</span> <span class='ocrx_word' id='word_1_261' title='bbox 536 4294 658 4402; x_wconf 85' lang='lat' dir='ltr'>velit,</span> <span class='ocrx_word' id='word_1_262' title='bbox 686 4294 875 4385; x_wconf 89' lang='lat' dir='ltr'>sustineat</span> <span class='ocrx_word' id='word_1_263' title='bbox 907 4327 971 4383; x_wconf 86' lang='lat' dir='ltr'>rne</span> <span class='ocrx_word' id='word_1_264' title='bbox 990 4296 1114 4411; x_wconf 83' lang='lat' dir='ltr'>quaeso</span> <span class='ocrx_word' id='word_1_265' title='bbox 1144 4294 1271 4386; x_wconf 74' lang='lat' dir='ltr'>amice·</span> <span class='ocrx_word' id='word_1_266' title='bbox 1291 4314 1640 4397; x_wconf 85' lang='lat' dir='ltr'>commonentem,</span> <span class='ocrx_word' id='word_1_267' title='bbox 1667 4295 1722 4380; x_wconf 76' lang='lat' dir='ltr'>ne</span> <span class='ocrx_word' id='word_1_268' title='bbox 1748 4323 1800 4381; x_wconf 86' lang='lat' dir='ltr'>ex</span> 
     </span>
     <span class='ocr_line' id='line_1_35' title="bbox 280 4410 1801 4526; baseline -0.001 -29"><span class='ocrx_word' id='word_1_269' title='bbox 280 4412 484 4526; x_wconf 78' lang='lat' dir='ltr'>Hispania</span> <span class='ocrx_word' id='word_1_270' title='bbox 522 4411 660 4498; x_wconf 83' lang='lat' dir='ltr'>nollrae</span> <span class='ocrx_word' id='word_1_271' title='bbox 687 4413 834 4503; x_wconf 73' lang='lat' dir='ltr'>iac‘luri</span> <span class='ocrx_word' id='word_1_272' title='bbox 870 4442 992 4503; x_wconf 89' lang='lat' dir='ltr'>novas</span> <span class='ocrx_word' id='word_1_273' title='bbox 1024 4414 1125 4500; x_wconf 89' lang='lat' dir='ltr'>Vrbi</span> <span class='ocrx_word' id='word_1_274' title='bbox 1156 4415 1286 4503; x_wconf 90' lang='lat' dir='ltr'>laudes</span> <span class='ocrx_word' id='word_1_275' title='bbox 1310 4412 1482 4499; x_wconf 90' lang='lat' dir='ltr'>asserere</span> <span class='ocrx_word' id='word_1_276' title='bbox 1504 4410 1691 4523; x_wconf 85' lang='lat' dir='ltr'>deinceps</span> <span class='ocrx_word' id='word_1_277' title='bbox 1719 4412 1801 4497; x_wconf 89' lang='lat' dir='ltr'>slu-</span> 
     </span>
     <span class='ocr_line' id='line_1_36' title="bbox 281 4523 1802 4639; baseline 0.001 -29"><span class='ocrx_word' id='word_1_278' title='bbox 281 4528 376 4612; x_wconf 89' lang='lat' dir='ltr'>deat</span> <span class='ocrx_word' id='word_1_279' title='bbox 400 4580 417 4627; x_wconf 93' lang='lat'>,</span> <span class='ocrx_word' id='word_1_280' title='bbox 443 4526 604 4638; x_wconf 77' lang='lat' dir='ltr'>alioque</span> <span class='ocrx_word' id='word_1_281' title='bbox 618 4529 755 4639; x_wconf 79' lang='lat' dir='ltr'>potius</span> <span class='ocrx_word' id='word_1_282' title='bbox 777 4528 1110 4619; x_wconf 87' lang='lat' dir='ltr'>commendabiles</span> <span class='ocrx_word' id='word_1_283' title='bbox 1126 4528 1310 4628; x_wconf 90' lang='lat' dir='ltr'>labores,</span> <span class='ocrx_word' id='word_1_284' title='bbox 1337 4556 1382 4612; x_wconf 91' lang='lat' dir='ltr'>ac</span> <span class='ocrx_word' id='word_1_285' title='bbox 1398 4528 1548 4639; x_wconf 90' lang='lat' dir='ltr'>vigilias</span> <span class='ocrx_word' id='word_1_286' title='bbox 1574 4523 1654 4614; x_wconf 87' lang='lat' dir='ltr'>suas</span> <span class='ocrx_word' id='word_1_287' title='bbox 1671 4525 1802 4615; x_wconf 91' lang='lat' dir='ltr'>trans·</span> 
     </span>
     <span class='ocr_line' id='line_1_37' title="bbox 281 4636 1799 4756; baseline 0.001 -32"><span class='ocrx_word' id='word_1_288' title='bbox 281 4636 414 4752; x_wconf 82' lang='lat' dir='ltr'>serat;</span> <span class='ocrx_word' id='word_1_289' title='bbox 445 4639 469 4725; x_wconf 82' lang='lat' dir='ltr'>st</span> <span class='ocrx_word' id='word_1_290' title='bbox 498 4650 602 4728; x_wconf 89' lang='lat' dir='ltr'>euim</span> <span class='ocrx_word' id='word_1_291' title='bbox 619 4644 827 4733; x_wconf 88' lang='lat' dir='ltr'>Laurentii</span> <span class='ocrx_word' id='word_1_292' title='bbox 856 4646 1002 4735; x_wconf 87' lang='lat' dir='ltr'>natales</span> <span class='ocrx_word' id='word_1_293' title='bbox 1031 4644 1219 4756; x_wconf 91' lang='lat' dir='ltr'>Hispanis</span> <span class='ocrx_word' id='word_1_294' title='bbox 1242 4649 1466 4753; x_wconf 87' lang='lat' dir='ltr'>eripuerit,</span> <span class='ocrx_word' id='word_1_295' title='bbox 1489 4645 1699 4756; x_wconf 87' lang='lat' dir='ltr'>plurimum</span> <span class='ocrx_word' id='word_1_296' title='bbox 1727 4642 1799 4727; x_wconf 88' lang='lat' dir='ltr'>fibi</span> 
     </span>
     <span class='ocr_line' id='line_1_38' title="bbox 280 4756 1802 4875; baseline 0.001 -34"><span class='ocrx_word' id='word_1_297' title='bbox 280 4756 443 4843; x_wconf 89' lang='lat' dir='ltr'>honoris</span> <span class='ocrx_word' id='word_1_298' title='bbox 466 4760 580 4842; x_wconf 88' lang='lat' dir='ltr'>Gens</span> <span class='ocrx_word' id='word_1_299' title='bbox 605 4768 724 4849; x_wconf 83' lang='lat' dir='ltr'>avitae</span> <span class='ocrx_word' id='word_1_300' title='bbox 755 4761 995 4874; x_wconf 76' lang='lat' dir='ltr'>religionis,</span> <span class='ocrx_word' id='word_1_301' title='bbox 1021 4762 1289 4875; x_wconf 85' lang='lat' dir='ltr'>pietatisque,</span> <span class='ocrx_word' id='word_1_302' title='bbox 1315 4763 1355 4841; x_wconf 71' lang='grc' dir='ltr'>ἃ</span> <span class='ocrx_word' id='word_1_303' title='bbox 1380 4758 1518 4871; x_wconf 82' lang='lat' dir='ltr'>gloriae</span> <span class='ocrx_word' id='word_1_304' title='bbox 1544 4756 1802 4848; x_wconf 80' lang='lat' dir='ltr'>retinentissi-</span> 
     </span>
     <span class='ocr_line' id='line_1_39' title="bbox 279 4870 1803 4980; baseline 0.001 -20"><span class='ocrx_word' id='word_1_305' title='bbox 279 4902 344 4960; x_wconf 82' lang='lat' dir='ltr'>nra</span> <span class='ocrx_word' id='word_1_306' title='bbox 372 4870 612 4961; x_wconf 87' lang='lat' dir='ltr'>decessurum</span> <span class='ocrx_word' id='word_1_307' title='bbox 641 4880 723 4962; x_wconf 87' lang='lat' dir='ltr'>esse</span> <span class='ocrx_word' id='word_1_308' title='bbox 747 4880 1013 4980; x_wconf 78' lang='lat' dir='ltr'>existimabit3</span> <span class='ocrx_word' id='word_1_309' title='bbox 1043 4906 1131 4964; x_wconf 89' lang='lat' dir='ltr'>cum</span> <span class='ocrx_word' id='word_1_310' title='bbox 1161 4880 1187 4963; x_wconf 80' lang='lat' dir='ltr'>fi</span> <span class='ocrx_word' id='word_1_311' title='bbox 1216 4879 1468 4962; x_wconf 71' lang='lat' dir='ltr'>econtrario</span> <span class='ocrx_word' id='word_1_312' title='bbox 1491 4880 1671 4965; x_wconf 87' lang='lat' dir='ltr'>Levitam</span> <span class='ocrx_word' id='word_1_313' title='bbox 1698 4878 1803 4963; x_wconf 87' lang='lat' dir='ltr'>San·</span> 
     </span>
     <span class='ocr_line' id='line_1_40' title="bbox 279 4991 1807 5104; baseline 0.001 -27"><span class='ocrx_word' id='word_1_314' title='bbox 279 4992 489 5080; x_wconf 68' lang='lat' dir='ltr'>nannum</span> <span class='ocrx_word' id='word_1_315' title='bbox 517 4995 617 5079; x_wconf 89' lang='lat' dir='ltr'>Vrbi</span> <span class='ocrx_word' id='word_1_316' title='bbox 642 4993 871 5080; x_wconf 89' lang='lat' dir='ltr'>Blanchiuus</span> <span class='ocrx_word' id='word_1_317' title='bbox 895 4991 1128 5094; x_wconf 86' lang='lat' dir='ltr'>adscribat,</span> <span class='ocrx_word' id='word_1_318' title='bbox 1159 5024 1239 5083; x_wconf 93' lang='lat' dir='ltr'>non</span> <span class='ocrx_word' id='word_1_319' title='bbox 1266 4993 1390 5104; x_wconf 85' lang='lat' dir='ltr'>magis</span> <span class='ocrx_word' id='word_1_320' title='bbox 1418 4998 1561 5080; x_wconf 86' lang='lat' dir='ltr'>iccirco</span> <span class='ocrx_word' id='word_1_321' title='bbox 1582 4996 1682 5080; x_wconf 91' lang='lat' dir='ltr'>Rem</span> <span class='ocrx_word' id='word_1_322' title='bbox 1715 4995 1807 5078; x_wconf 91' lang='lat' dir='ltr'>Ro·</span> 
     </span>
    </p>

    <p class='ocr_par' dir='ltr' id='par_1_10' title="bbox 815 5136 1813 5197">
     <span class='ocr_line' id='line_1_41' title="bbox 815 5136 1813 5197; baseline 0.008 -34"><span class='ocrx_word' id='word_1_323' title='bbox 815 5152 828 5163; x_wconf 83' lang='lat'>.</span> <span class='ocrx_word' id='word_1_324' title='bbox 1723 5136 1813 5197; x_wconf 74' lang='lat' dir='ltr'>ma-</span> 
     </span>
    </p>
   </div>
   <div class='ocr_carea' id='block_1_8' title="bbox 0 0 2101 5904">
    <p class='ocr_par' dir='ltr' id='par_1_11' title="bbox 0 0 2101 5904">
     <span class='ocr_line' id='line_1_42' title="bbox 0 0 2101 5904; baseline 0 0"><span class='ocrx_word' id='word_1_325' title='bbox 0 0 2101 5904; x_wconf 95' lang='lat' dir='ltr'> </span> 
     </span>
    </p>
   </div>
  </div>
 </body>
</html>
