4184 5904
1591 295 1659 402 23

135 455 228 558 lilsa·
260 489 330 561 aut
356 475 462 565 mal&
494 476 624 593 assuti
647 470 812 564 historiae
850 473 993 564 laciniai
1025 474 1264 590 populorum
1297 478 1413 567 fidem
1444 476 1666 592 augendam

70 692 73 697 Ι
135 589 360 694 arbitrati,
389 592 564 680 anilibus
596 590 690 702 sepe
718 592 866 678 fabellis
893 600 1072 680 nativum
1102 592 1297 680 historica·
1327 603 1505 684 veritatis
1531 595 1666 710 splen-

133 702 273 790 dorem
301 711 596 797 obscurarunt.
630 708 865 822 Marginales
895 726 1084 823 praterea·
1106 704 1274 818 glossa,
1303 739 1397 823 quas
1421 714 1675 826 antiquario·-

134 840 224 908 rum
250 821 456 915 oscitantia
488 846 556 914 aut
587 827 786 939 imperitia
825 832 865 912 in
897 846 1050 913 textum
1077 822 1271 910 admisit:
1302 830 1541 939 compendia·
1571 833 1668 916 scri·

131 952 347 1049 pturarunr
384 969 466 1028 non
498 937 590 1032 satis
615 945 664 1028 ab
691 941 829 1033 iisdem
864 941 1057 1031 intellesia
1087 994 1103 1042 ,
1131 939 1349 1027 lestionum
1385 951 1584 1048 uarietas,
1615 948 1669 1033 sr-

131 1049 294 1164 glarum·¹
319 1060 494 1172 denique
527 1080 796 1176 notarumque
819 1056 1080 1148 numeralium
1110 1053 1304 1171 frequens.
1323 1052 1409 1149 rsus
1439 1066 1479 1145 in
1511 1088 1552 1146 re
1571 1089 1668 1176 prae«

96 1192 99 1201 '
131 1162 272 1258 sertim
301 1169 615 1289 chronologica,
646 1207 814 1296 quarum
841 1177 937 1266 dum
958 1173 1028 1266 vel'
1050 1178 1213 1261 minima
1239 1202 1316 1260 non
1344 1173 1412 1262 suo
1441 1178 1674 1291 locoponi··

134 1299 204 1375 tur
231 1286 528 1381 inextricabiles.
552 1322 711 1387 errores.
733 1296 885 1386 inducit
917 1358 926 1380 .
956 1289 1161 1407 Exemplis
1189 1317 1270 1378 rem
1298 1288 1551 1383 illustriorem
1579 1295 1674 1387 sore:

136 1408 339 1493 arbitror.
941 1442 946 1451 ·
1211 1460 1214 1467 .
1633 1494 1636 1499 .

251 1526 594 1622 Luciferi'anorum
618 1535 869 1652 aliorumque
905 1533 1052 1621 Liberii
1091 1529 1400 1617 obtrediatorum
1432 1530 1675 1645 perversitas·

139 1646 314 1753 genuina
345 1647 461 1748 huius
476 1650 681 1739 Pontificis
711 1659 793 1739 aeta
820 1644 1038 1763 corrupisse
1064 1646 1187 1761 vulgo
1216 1645 1426 1748 creditur,
1454 1646 1670 1734 nonnulla·-

139 1784 256 1870 ΨΜ-
278 1778 327 1846 vt
352 1760 467 1875 ipsius
498 1766 607 1855 famae
630 1769 870 1856 calumniose
896 1768 1153 1858 detraherent
1185 1815 1201 1862 s
1229 1763 1467 1851 eorumdem
1488 1763 1577 1851 loca
1603 1768 1676 1876 in·-

140 1866 348 1987 terpolalse
374 1937 384 1960 .
415 1886 512 1971 Eius
551 1886 691 1998 flagitii
723 1914 803 1975 non
836 1888 997 1974 obscura
1020 1878 1230 1997 supersunt
1265 1882 1386 1969 nobis.
1412 1879 1663 1967 hodiedum..

138 1989 243 2098 apud
275 1994 520 2088 Anallasrmn
549 2002 709 2114 vestigia
731 2004 763 2089 ai
794 2010 931 2118 primis
964 2003 1038 2088 illis
1069 1996 1317 2106 temporibus
1344 1993 1550 2082 decianas:
1584 1994 1666 2080 vita

139 2108 287 2191 etenim
310 2108 465 2200 Liberii.
492 2135 613 2224 prout
646 2124 691 2201 in·
717 2119 888 2234 vulgatis
910 2114 1093 2205 Anastasri
1125 2109 1352 2198 Codicibus-
1382 2107 1671 2197 circumfertur*

137 2219 277 2331 parlim
305 2220 373 2320 fibi
413 2230 627 2320 consonam
658 2230 794 2320 nescio·
824 2264 949 2350 quam·
984 2223 1177 2348 prasefe'rt
1206 2222 1286 2312 stili
1313 2228 1589 2325 varietatem,
1621 2239 1667 2313 ut

138 2361 221 2419 non
248 2344 363 2425 unius
381 2343 550 2433 alicuius·
568 2378 675 2463 opus·
699 2344 776 2436 else
805 2347 831 2436 ὲ
856 2346 1032 2463 vestigio
1051 2338 1337 2457 dignoscatur,
1361 2347 1457 2431 Nec
1477 2338 1666 2429 Damasus

56 2482 59 2487 ·
140 2450 271 2538 noller
297 2460 338 2541 in
364 2458 437 2548 Irae
474 2485 590 2578 parte
622 2464 780 2552 felicior·
801 2468 907 2572 fuitp
932 2473 1041 2554 cuius
1066 2461 1244 2546 historia·
1265 2452 1526 2571 genuinisque
1554 2456 1666 2540 Actis

66 2678 73 2687 Ι
140 2563 357 2676 plurimum
376 2576 543 2664 offecisse
558 2582 853 2686 depravatrices
867 2580 1080 2675 Vrfrcini',.
1100 2568 1163 2656 seu
1186 2574 1354 2657 fimavis
1370 2575 1540 2672 Vrsini,
1555 2599 1675 2655 conr--

142 2685 326 2787 petitoris
357 2687 521 2797 eiusque·
545 2691 799 2775 Set‘tatorunr·
828 2717 1008 2790 manus,
1055 2685 1262 2775 vehemens
1290 2686 1550 2773 Eruditorum
1582 2682 1665 2769 fus-

140 2796 251 2992 piciso
287 2796 386 2893 est,
430 2819 480 2883 rt.
512 2797 585 2881 suo
608 2802 707 2886 ioco·
729 2801 936 2889 dicemus.
968 2809 1069 2889 Hac
1101 2798 1149 2885 ad
1179 2804 1354 2909 primam·
1377 2802 1426 2889 ab
1457 2803 1670 2888 Hareticis

139 2931 208 2991 cau
230 2935 325 2994 am,

270 3028 498 3119 contentio
525 3025 799 3120 Alexandrinae
829 3035 868 3120 8'c
897 3033 1167 3122 Antiochena-
1186 3058 1274 3117 cum
1313 3030 1498 3120 Romana
1528 3030 1670 3116 E'ccl'e·

140 3136 192 3227 fia
228 3137 278 3227 de
308 3147 486 3233 Primatu
513 3202 528 3248 ,
557 3148 668 3260 quod
698 3169 864 3265 utraque
904 3149 978 3238 illa
1010 3178 1090 3236 non
1123 3152 1250 3233 minus
1280 3176 1325 3233 ac
1355 3151 1541 3237 Romana
1568 3141 1674 3236 fe:

141 3259 295 3344 diceret
325 3261 623 3373 Aposlolicanr,
651 3263 801 3349 causam
829 3260 1026 3377 praebuisse
1053 3262 1177 3373 vulgo
1205 3261 1381 3349 creditur
1413 3285 1459 3353 vt
1488 3260 1669 3374 quaedam·

141 3398 189 3459 ex
215 3380 449 3489 apocrypha·
473 3376 634 3492 epistola
666 3388 826 3467 nomine
837 3384 1056 3470 Clementis
1081 3382 1192 3489 Papae
1215 3376 1263 3461 ad
1278 3379 1467 3465 Iacobum
1497 3377 1665 3463 fratrem

140 3488 306 3574 Domini
345 3491 590 3607 appellatum·
614 3493 765 3580 dirediai
792 3550 806 3595 ‚
837 3501 934 3582 ritae·
962 3497 1083 3580 huius·
1115 3490 1329 3576 Pontifieis
1353 3514 1631 3579 attererentur
1649 3512 1672 3591 3.

139 3634 232 3691 cunr
259 3607 394 3716 primis
425 3610 524 3698 verb
548 3608 765 3695 Clementis
790 3612 1010 3724 defignatio
1037 3606 1085 3694 ad
1101 3606 1316 3719 Apostolici
1334 3612 1508 3693 muneris
1527 3604 1665 3714 digni-

141 3739 265 3806 tatem
292 3722 432 3809 eodem
462 3722 620 3837 prorsus
648 3725 776 3813 modo·
798 3728 956 3814 asseato
968 3730 1090 3813 Petro
1106 3720 1310 3835 Apostolo·
1332 3722 1429 3811 sacta
1445 3776 1468 3824 ,—
1490 3750 1572 3838 quo
1586 3725 1665 3806 Pe·

142 3858 227 3923 trus
256 3835 336 3948 ipse
364 3838 577 3952 regendam
599 3841 622 3927 ai
648 3840 809 3927 Chrillo
833 3846 1020 3930 Domino
1039 3840 1260 3952 susceperat
1275 3838 1516 3940 Ecclesiam,
1547 3865 1671 3950 quant

140 3956 179 4037 δε
206 3949 311 4061 apud
336 3952 582 4041 Anastafium
611 3956 776 4069 legimus
807 4013 817 4035 .
850 3959 1051 4044 Putabant
1074 3965 1228 4043 etenim·
1266 3959 1457 4043 Romana
1482 3980 1558 4067 pta
1579 3952 1667 4039 aliis

140 4064 329 4155 Ecclefris·
351 4074 572 4180 Digni'taris
599 4068 812 4157 assertores·
844 4070 1080 4183 peculiarem
1106 4071 1215 4152 hanc·
1236 4068 1465 4155 Clementis.
1492 4076 1515 4154 a
1543 4074 1670 4155 Beato-

124 4186 265 4271 'Petro
283 4183 602 4295 deignationem·
629 4206 864 4298 argumento
892 4184 978 4276 fore
1000 4182 1174 4299 specialis
1197 4208 1356 4296 quoque
1376 4187 1565 4271 Romana
1581 4189 1667 4307 Ca-

141 4296 299 4387 thedrae·
333 4322 426 4389 ante
453 4300 551 4386 alias·
575 4302 852 4410 excellentiae,
882 4302 1154 4418 Primatirsque
1189 4297 1373 4386 Ecclesia·
1409 4298 1671 4392 vni'versaiis:

137 4414 246 4533 quasa
271 4420 369 4506 verb
390 4413 601 4507 defuissent
628 4418 694 4506 vel
712 4440 797 4507 tum
828 4421 993 4507 indubia
1023 4420 1095 4504 alia
1128 4438 1415 4521 monumenta,
1444 4419 1557 4534 queis
1591 4423 1663 4503 iti·

136 4536 235 4621 denr·
259 4536 447 4623 Primaria
472 4535 665 4620 Romana·
682 4534 793 4622 Sedis
812 4540 996 4651 Dignitas
1026 4533 1272 4622 sustinente
1291 4537 1546 4624 demonstrari
1578 4530 1667 4638 plau?

137 4649 197 4735 n'e·
221 4644 369 4763 posset.
402 4654 466 4736 En·
481 4650 596 4740 aliam
619 4648 864 4762 depravandi
893 4652 1070 4741 Codices·
1088 4652 1246 4740 causam
1267 4680 1432 4772 eantque
1462 4646 1666 4757 iCathof

124 4769 221 4859 ‚aiere
247 4769 461 4882 profetiam
474 4826 494 4854 .-

250 4886 369 5005 Qidv
391 4909 521 4976 autem
545 4882 798 4978 deAnallasri
822 4884 912 4976 colo
935 4894 982 4975 in·
1002 4893 1083 4977 uita
1099 4891 1158 4977 Pii
1184 4890 1296 5002 Papae
1328 4889 1367 4973 1..
1391 4887 1460 4975 vbi
1486 4892 1664 5021 Hermes-

1565 5031 1656 5119 qur-
