4184 5904
1681 322 1781 426 131
1899 363 1904 371 -

279 503 395 624 cerasis
428 504 549 623 effer:
583 528 798 616 Qouono
826 529 934 588 eum
963 527 1098 587 raurr
1128 522 1362 588 rourrrrcrs
1391 528 1790 604 rosmunmvu1u÷

282 651 454 712 sinuant
489 613 674 710 rorrsr?
704 617 767 699 En
796 615 986 703 summam
1016 614 1289 704 blanchiniani
1323 619 1503 704 roboris.
1545 677 1548 685 -

407 745 524 845 vPrius
566 757 694 824 autem
729 732 850 847 quim
873 733 1033 820 dextras·
1068 732 1359 834 conseramus,
1405 740 1560 825 iuvaret
1591 735 1790 851 quidem-2

279 857 332 944 de
366 862 546 943 Auctore
587 850 885 939 Sacramentarii
923 850 1210 955 Veronensis,
1251 851 1367 936 cuius
1402 852 1667 942 testimonium
1709 876 1791 941 tam

279 977 425 1062 acriter
447 975 486 1058 in
516 998 591 1058 nos
612 966 852 1057 blanchinus
880 989 1023 1081 urget,
1055 994 1174 1078 pauca
1201 974 1460 1079 praemittere,
1490 975 1632 1086 quibus
1659 980 1793 1059 austo-

281 1095 410 1178 ritatis
444 1083 621 1176 eiusdem
646 1083 806 1198 pondus
837 1082 890 1171 ad
912 1084 1048 1170 iollam
1078 1088 1265 1172 trutinam
1293 1089 1451 1194 exigere
1481 1089 1666 1178 Lectores
1700 1085 1814 1202 pos·'

281 1207 401 1296 sent.
434 1207 497 1292 Ac
521 1206 623 1292 mihi
652 1199 819 1318 quidem
843 1230 934 1287 cum
964 1202 1142 1315 primirm
1173 1199 1482 1291 lucubrationem
1513 1206 1623 1292 illam
1653 1208 1794 1295 adum·

286 1329 469 1426 brarem,
497 1340 606 1409 tanta
627 1320 751 1407 deco
774 1340 1014 1429 argumento
1027 1323 1071 1401 in
1088 1339 1263 1406 mentem
1278 1322 1525 1435 veniebant3
1552 1344 1598 1411 vt
1617 1323 1703 1436 post
1721 1324 1793 1408 ha-

283 1446 384 1540 bitos
414 1441 468 1527 de
497 1435 670 1526 Damaso
700 1439 739 1520 8(
770 1439 986 1525 Laurentio
1016 1431 1202 1524 tradatris
1228 1493 1246 1542 ,
1275 1456 1434 1525 ternum
1452 1439 1574 1526 alium
1603 1442 1658 1527 de
1683 1440 1793 1529 Vero·

280 1590 351 1650 nen
365 1590 395 1646 rr
419 1559 735 1647 Sacramentum
757 1553 924 1646 Auem
956 1581 1004 1642 ex
1031 1549 1205 1665 professo
1228 1552 1471 1653 instituerem
1489 1610 1508 1658 ‚.
1532 1585 1649 1670 quem
1671 1563 1793 1644 etiarn
1863 1568 1865 1573 '

285 1676 334 1768 ad
364 1694 551 1790 optatum
578 1673 700 1759 finem
728 1674 948 1783 perducere
973 1668 1115 1758 licuit.
1161 1671 1209 1755 In
1241 1700 1290 1758 eo
1316 1692 1448 1762 autem
1478 1673 1700 1791 (summam
1729 1675 1794 1758 in·

279 1797 416 1882 dicare
441 1792 507 1877 hic
533 1791 697 1904 placet,
725 1817 812 1874 nam
834 1792 869 1876 is
888 1783 958 1873 suo
983 1804 1169 1903 tempore
1198 1787 1403 1900 separatim
1430 1789 1607 1878 edendus
1631 1791 1727 1914 est)
1753 1791 1793 1872 in

280 1941 333 1999 eo
357 1917 552 2023 inquam,
579 1908 726 1996 nedum
750 1905 1053 1995 Sacramentarii
1073 1900 1337 1991 historiam&
1360 1906 1669 2006 vicissitudines,
1699 1936 1793 2022 quas

278 2025 371 2115 sane
397 2033 582 2139 ingentes
631 2021 829 2112 raclarum
859 2021 1097 2139 ceteroquin
1115 2048 1212 2135 opus
1231 2021 1282 2108 ab
1308 2019 1388 2132 ipss
1412 2050 1523 2137 pane
1544 2021 1708 2112 infantia
1731 2022 1796 2109 su-

282 2147 391 2240 biit,
418 2053 777 2257 lateperAEquutus
798 2134 916 2243 sunu,
944 2138 1038 2245 sed,
1069 2141 1175 2249 quod
1203 2136 1414 2250 praefiscine
1441 2139 1642 2241 dixerim,
1667 2138 1796 2227 oslen-

278 2260 323 2347 di
346 2287 391 2344 ac
422 2259 539 2371 plane
561 2257 829 2344 demonstrari
858 2261 1043 2343 Sanctum
1070 2256 1248 2343 Leonem
1276 2259 1359 2340 eius
1383 2259 1681 2344 sacramentarii
1710 2259 1797 2342 Au·

279 2385 429 2483 (torem
443 2404 527 2461 non
548 2370 685 2472 fuisse,
702 2401 828 2485 neque
840 2377 1043 2463 Auctorem
1059 2372 1116 2470 (θ’
1128 2368 1421 2486 Compilatere'm
1431 2371 1556 2489 famul
1581 2372 1706 2488 (quod
1725 2404 1798 2460 no·

278 2519 350 2580 rus
365 2487 568 2575 Blanchini
588 2485 897 2599 manipularisvt
920 2487 988 2601 ipsr
1011 2487 1208 2578 laboranti
1233 2484 1479 2579 succurreret
1501 2495 1799 2598 θώπρρωςφῆν

276 2604 410 2718 lepide
437 2603 459 2716 (
474 2610 541 2722 a)
566 2622 815 2691 commentus
842 2601 960 2721 eli);
990 2611 1115 2696 immo
1142 2634 1216 2693 nec
1241 2608 1593 2701 Sacramentariunr
1628 2643 1799 2728 unquam

278 2715 420 2810 uidisse
448 2772 467 2820 s
491 2749 584 2807 cum
608 2720 736 2830 longe
770 2715 857 2831 poll
882 2720 1032 2809 Leonis
1059 2742 1213 2811 aetatem
1239 2725 1270 2806 is
1295 2723 1471 2833 primaint
1495 2731 1637 2816 Codex
1663 2732 1798 2816 arcbe·
1937 2758 1943 2770 ·

277 2857 397 2950 typus
420 2829 662 2925 emersisset.
689 2835 894 2921 Nolumus
926 2857 1059 2929 tamen
1085 2839 1335 2950 inexplorati
1364 2868 1407 2926 re
1431 2840 1547 2932 fidem
1569 2848 1632 2932 his
1661 2850 1801 2935 noliris'

275 2954 389 3040 distis
419 2955 601 3038 Lectores
639 2947 942 3048 accomodeut3
974 2956 1041 3041 sed
1068 2953 1263 3064 tantisper
1286 2955 1339 3039 ad
1366 2965 1798 3066 momentaneum,

276 3097 394 3182 quern
422 3071 779 3153 sacramentarium
819 3064 1060 3173 praesefert,
1098 3071 1313 3172 barcam,
1344 3098 1538 3166 memores
1568 3108 1713 3171 neruos
1740 3106 1799 3170 at·

276 3213 353 3301 que
379 3205 488 3270 artus
514 3174 592 3266 esse
621 3177 821 3288 sapientiae
848 3206 929 3263 non
954 3174 1107 3270 temere
1134 3183 1295 3270 credere
1321 3185 1420 3298 (b).

391 3299 483 3409 Ego
510 3297 610 3382 verb
635 3292 685 3377 ne
712 3291 939 3378 blanchino.
964 3303 1081 3382 nimis
1109 3298 1263 3381 interei
1297 3303 1543 3395 meticulosus
1569 3314 1708 3403 videar
1736 3322 1799 3404 ni·

275 3417 337 3505 hil
357 3413 574 3512 morabor,
597 3408 626 3495 sr
652 3436 725 3520 per
737 3402 924 3496 nollrates
938 3410 1137 3524 Hispanos
1158 3411 1278 3511 licet,
1307 3417 1662 3511 Sacramentarium
1679 3441 1797 3545 quam

276 3533 357 3620 lat'e
385 3527 484 3613 illud
512 3546 622 3641 patet
637 3526 678 3610 S.
692 3526 822 3612 Leoni
851 3531 975 3639 gratis
991 3529 1236 3617 adscribere.
1268 3531 1357 3616 Nec
1376 3561 1519 3623 vereor
1543 3563 1794 3655 praterea),

277 3647 445 3739 subfitne
475 3654 518 3732 in
548 3674 627 3746 eo,
649 3644 719 3755 qui
746 3642 864 3729 nobis
886 3647 1077 3736 obiicitur
1099 3655 1271 3748 emaus,
1299 3653 1444 3736 vitium
1474 3655 1637 3769 aliquod
1664 3689 1711 3748 ex
1731 3666 1792 3749 his

278 3791 360 3881 quae
400 3763 519 3876 vulgo
549 3771 588 3849 in
625 3780 785 3850 veteres
809 3760 983 3851 Codices
1020 3794 1069 3855 ex
1108 3763 1225 3880 longi
1252 3762 1508 3882 possessorum
1529 3773 1794 3880 successione,

279 3885 471 3996 varioque
498 3887 670 3996 ipsorum
695 3878 860 3992 ingenio
882 3880 1071 3995 adrepere
1088 3883 1240 3973 solent:
1270 3889 1481 4000 numquid
1509 3890 1656 3982 scilicet
1681 3903 1721 3984 in
1748 3926 1796 3985 eo
1826 3900 1829 3905 ⁴

278 3999 451 4088 abrasum
478 4023 548 4087 aut
574 3992 794 4086 interlitum
819 3991 867 4080 srt
895 4019 908 4075 τ
937 3996 1112 4112 glossave
1136 3999 1267 4113 aliqua
1294 4049 1309 4097 2
1336 4029 1453 4110 quam
1481 4009 1672 4118 pollillam
1707 4013 1799 4104 vul-

278 4146 349 4231 gus
373 4115 572 4229 appellat,
597 4119 726 4202 textui
749 4109 1014 4216 subinducta,
1040 4114 1121 4202 srve
1151 4114 1251 4229 quid
1276 4115 1440 4202 demum
1464 4121 1573 4210 aliud
1599 4132 1708 4238 quod
1737 4133 1795 4220 le·

275 4234 418 4320 (tionis
448 4230 569 4317 fidem
595 4234 737 4342 quovis
771 4235 889 4343 paeto
914 4223 1114 4320 sublellam
1141 4231 1286 4319 reddat
1317 4292 1326 4313 .
1368 4235 1540 4350 Siquid
1573 4243 1715 4330 horum
1750 4252 1791 4335 in

277 4381 326 4439 eo
350 4360 476 4437 tractu
506 4352 527 4434 a
552 4347 771 4434 Blanchino
799 4349 1087 4459 deprehensum
1115 4340 1281 4447 fuisset,
1308 4350 1480 4440 arbitror
1513 4355 1681 4472 ipsum,
1714 4363 1793 4479 qud

279 4469 472 4581 probitate
505 4465 588 4567 eu,
616 4460 681 4551 vel
707 4464 734 4551 sr
761 4465 901 4552 Codex
927 4463 1004 4552 elle
1030 4475 1105 4554 iam
1129 4466 1295 4554 omnino
1320 4461 1516 4574 desiisset,
1545 4477 1718 4590 ingenue
1735 4503 1797 4568 at·

281 4612 359 4698 que
392 4612 440 4670 ex
467 4583 545 4673 fide
578 4606 664 4697 qua
699 4579 928 4696 religiosum
963 4591 1091 4673 virum
1107 4584 1296 4788 I{ddecet
1328 4610 1411 4675 non
1438 4589 1791 4690 dissimulaturum.

1182 4726 1208 4784 2
1730 4717 1794 4813 De

323 4908 388 4990 (a)
413 4905 529 4976 Comes
550 4904 693 4976 Acamue
712 4909 835 4994 Difflrt·
856 4909 1011 4978 vetrana
1070 4923 1141 4987 165.
1165 4910 1336 5066 paff·²²⁷'
1360 4905 1398 4982 (a
1416 4914 1492 4979 adli
1505 4918 1626 5002 pofflm.

1224 5019 1257 5084 pr

276 5003 396 5079 richitd,
411 5007 528 5069 Autrre
542 5044 553 5078 ‚
566 5020 580 5064 c
589 5006 680 5085 pregi
698 5002 750 5066 del
765 5005 1008 5086 Sagrumenrario
1110 4999 1170 5082 (b)

282 5094 431 5176 Verotese
452 5095 545 5167 Parte
569 5093 611 5163 ll·
631 5100 661 5168 §-
684 5093 729 5183 ll·
751 5092 830 5183 fug·
859 5098 910 5185 εἷς
929 5096 1008 5180 Peg·
1060 5096 1208 5186 prtitiqrtt
1231 5096 1407 5189 conficiatur
1428 5116 1506 5188 sung
1526 5100 1570 5189 ³⁸.

1259 4999 1374 5068 charmi
1397 5002 1525 5069 verbum
1550 5028 1598 5093 ap.
1627 5002 1700 5081 Cle.
1723 5013 1790 5099 dg,
1861 5068 1865 5077 .
1906 5070 1912 5077 .
