4156 5910
275 294 388 408 134

276 500 379 565 teres
410 473 538 573 alios,
569 486 706 582 prater
735 494 859 555 vnum
896 469 1186 576 Hieronymum
1216 521 1234 570 ,
1262 468 1330 578 qui
1365 463 1406 544 in
1435 468 1601 549 trasiatu
1641 459 1693 549 de
1724 466 1806 552 Vi·

274 605 328 681 ris
356 587 558 678 illustribus
582 616 670 674 cuni
699 613 835 673 eoruiri
863 588 935 697 qui
956 586 1004 670 ab
1019 585 1260 697 Apostolicis
1285 577 1531 690 temporibus
1556 578 1604 664 ad
1631 598 1797 678 aetatem

273 709 380 797 suani
406 706 592 790 dosirinae
610 701 724 792 laude
748 700 1173 815 florueruntylscripta
1195 695 1370 811 vitasque
1401 698 1581 784 breviter
1604 697 1803 810 attexuis-

213 859 218 866 ·
272 825 355 914 set:
389 822 415 908 si
441 821 633 909 Iustinum
662 851 707 908 ac
732 820 912 906 Phileam
933 814 1092 920 dci'nas,
1123 845 1294 932 quorum
1319 809 1502 929 expresse
1516 809 1695 926 deignat
1719 843 1798 926 pa·

271 947 401 1041 trias,
429 943 762 1055 &cyprianum
792 962 911 1048 quem
938 933 1179 1051 generaliter
1196 930 1338 1020 Afrum
1367 933 1467 1019 dicit
1485 984 1503 1030 ,.
1529 929 1673 1017 nullius
1693 956 1796 1045 prae-

276 1080 386 1144 terea
411 1083 457 1141 ex
477 1056 522 1141 iis
551 1056 616 1167 qui
637 1055 836 1160 Martyres
853 1050 1073 1137 mcubutrc
1089 1050 1217 1139 natale
1242 1048 1369 1137 solum
1385 1046 1590 1165 prodidit.
1621 1049 1718 1136 Eius
1735 1053 1796 1135 rei

276 1174 454 1276 causam,
470 1174 522 1257 ne
537 1172 626 1286 quis
641 1177 765 1287 gratis
781 1166 821 1251 id
839 1170 861 1253 ai
881 1170 1090 1254 Veteribus
1103 1166 1248 1255 fastum
1260 1167 1502 1266 arbitretur,
1528 1164 1801 1278 adiungimus:

277 1291 368 1405 quia
397 1316 539 1403 nempe
569 1291 698 1386 Asia,
726 1284 940 1399 Homine,
970 1285 1263 1402 Martyrologia
1286 1343 1305 1388 ,
1331 1287 1374 1368 &
1401 1290 1502 1371 Vita
1531 1287 1800 1371 Sanctorum*

275 1435 360 1495 non
385 1402 617 1492 illustrandis
649 1405 822 1493 Vrbibus
854 1424 921 1487 aut
945 1399 1220 1496 demulcendis.
1252 1404 1454 1502 auribus,
1485 1398 1551 1485 sed
1581 1396 1801 1486 informan-

274 1526 336 1610 dis
368 1519 418 1607 ad
456 1529 650 1637 pietatem
686 1519 866 1606 fidelium
905 1521 1053 1605 animis
1085 1518 1393 1630 scribebantur3
1434 1523 1497 1605 cui
1536 1515 1662 1603 lludio
1694 1513 1803 1602 nihil

275 1642 509 1747 Martyrum
534 1665 662 1750 genus
696 1641 736 1722 ὃς
761 1643 907 1749 proavi.
928 1689 948 1736 s
987 1634 1104 1722 valde
1132 1659 1263 1726 autern
1295 1636 1469 1725 multum
1498 1638 1656 1749 egregia
1684 1633 1798 1748 ipso·

275 1784 362 1841 runi
390 1755 523 1863 gesta,
554 1749 820 1870 passionesque
850 1750 1118 1841 conducibiles
1146 1776 1290 1846 erant.

390 1870 545 1959 Eodem
568 1868 661 1956 sane.
695 1870 892 1976 consilioy
914 1900 992 1959 nec
1010 1868 1093 1957 sine
1116 1872 1272 1960 Divino
1299 1872 1480 1972 Numine
1514 1871 1563 1958 ab
1591 1867 1796 1960 Ecclefias

274 1998 350 2076 iani
382 1989 474 2076 inde
515 1985 705 2101 ipriscis.
741 1983 884 2076 iaculis.
907 1984 1272 2077 constitutumfuit
1304 2041 1319 2090 ‚
1348 2009 1393 2077 vt
1422 2016 1476 2077 cir
1498 1987 1616 2073 Actis
1636 1987 1799 2098 Marty-

275 2135 362 2189 rum
392 2158 406 2203 ‚
447 2106 653 2217 perbrevis.
676 2106 860 2218 passionis
885 2135 1025 2196 corum
1058 2115 1253 2200 memoria
1289 2107 1339 2193 ad
1366 2109 1499 2194 Sacra
1522 2106 1714 2220 Liturgiae
1743 2102 1799 2189 li·

275 2223 363 2306 bros
396 2239 639 2330 permanaret
653 2251 675 2331 ς,
701 2231 826 2336 inque
847 2231 1022 2339 propriis
1050 2224 1266 2313 eorundem
1282 2223 1440 2327 Missis,
1460 2227 1687 2336 Martyrum
1714 2242 1802 2311 ter*

275 2356 408 2423 menta
428 2335 604 2445 scaccinti
624 2341 941 2450 recenserentur,
972 2357 1016 2424 vt
1044 2340 1254 2425 Hiiduinus
1283 2342 1342 2425 ait
1380 2341 1514 2452 (n);,
1540 2339 1588 2424 iri
1615 2336 1722 2452 quod
1742 2365 1793 2423 eir

273 2451 670 2556 vetustissimisetiam
685 2451 884 2560 Liturgiis
899 2453 1109 2539 confirmat
1127 2453 1347 2538 luculenter
1363 2454 1601 2539 Ruinartius
1614 2460 1792 2572 inquiens

274 2569 370 2686 (b):
401 2571 598 2658 Ceterum
612 2566 813 2679 pracipuae
839 2567 1070 2679 Martyrum
1095 2564 1274 2651 actiones·
1294 2571 1400 2653 inter
1421 2568 1525 2687 ipsas
1553 2578 1675 2660 etiarn
1691 2567 1795 2688 Mis·

261 2685 327 2803 sc
349 2706 484 2800 precer
503 2684 810 2798 inserebantur,
840 2702 957 2772 ait—en
985 2677 1259 2798 antiqnifflmis.
1290 2684 1525 2801 Litnrgiis,
1552 2689 1796 2790 Gallicani,

274 2802 569 2900 Meznrebici,
594 2798 648 2899 ὠ*
689 2804 777 2915 ipse
802 2809 924 2894 etiarn
955 2797 1203 2912 Gregorinni.
1222 2797 1386 2914 probari
1403 2799 1561 2916 potest·
1594 2805 1658 2901 lbi
1684 2810 1794 2890 enim

136 2960 149 2970 ·
275 2917 404 3032 Miffae
429 2916 745 3033 contestationes,
770 2947 867 3026 quas
882 2920 995 3031 vulgi
1011 2944 1111 3000 nnnc
1127 2913 1376 3030 prefiticnes
1398 2920 1657 3029 appellamur,
1685 2920 1794 3003 nihil

264 3029 532 3145 ‘cliniisnnti
555 3029 1001 3149 pretianartyrum,
1027 3025 1079 3115 de
1106 3032 1246 3142 quibus
1275 3019 1387 3111 Milia
1410 3029 1662 3130 celebratur,
1693 3057 1799 3142 prae-

276 3145 426 3250 „clare
451 3145 654 3260 gestorum
677 3145 942 3256 expositio„.
974 3148 1097 3232 iuvat
1125 3173 1281 3262 quoque
1308 3151 1350 3230 in
1373 3147 1470 3232 hanc
1495 3172 1581 3230 rem
1594 3143 1794 3258 Gregorii

278 3260 515 3351 Turonensis
531 3259 665 3348 locum
685 3259 886 3359 adducere
896 3264 982 3385 (c):
999 3260 1226 3382 Faciamcst
1255 3264 1437 3383 (inquit)
1447 3272 1492 3350 in
1505 3265 1577 3348 die·
1590 3264 1789 3374 sollemni-

275 3391 369 3472 tatis
386 3386 434 3485 Β..
446 3381 645 3477 Martini,
674 3378 931 3496 nobisMiffln
959 3383 1202 3480 dicentibus,
1233 3391 1321 3472 ¹cnrn
1350 3378 1793 3499 rrrestznasannassol—

266 3504 418 3587 lemnia
450 3495 674 3587 celebranda
716 3547 745 3594 „
774 3499 1097 3588 contestationem
1136 3498 1185 3586 de
1211 3499 1345 3582 Sancti
1376 3500 1545 3584 Domini
1577 3500 1793 3585 virtutibus

276 3641 542 3703 enarraremus
558 3663 592 3711 „a
615 3664 635 3712 ,-
642 3610 783 3729 subiti
808 3617 883 3701 illa
899 3618 1038 3728 puella
1047 3619 1276 3728 paralytice
1296 3613 1516 3723 ncnfirare·
1540 3621 1651 3729 cepit
1673 3615 1758 3714 &c

411 3730 476 3812 Ex.
511 3728 653 3840 quibus
692 3727 883 3836 liquidum
915 3730 1010 3812 fieri
1042 3748 1185 3840 puin,
1228 3722 1445 3812 secundiinr
1482 3727 1528 3812 id
1569 3730 1677 3843 quod
1710 3739 1785 3821 in.»

274 3847 414 3944 nnis,
444 3839 630 3927 Homiliis
657 3890 672 3936 ,
700 3859 816 3949 arque
846 3842 1031 3931 Historiis
1053 3846 1280 3956 Martyrum
1311 3843 1339 3929 ai.
1361 3844 1582 3932 Veteribus
1611 3847 1795 3936 Ecclesia

276 3962 460 4045 Patribus
485 3951 949 4066 perpetuoobseruatum
977 3960 1179 4068 vidimus,
1212 3961 1361 4051 scilicet
1389 3982 1433 4051 vt
1467 3963 1607 4075 parlim
1635 3968 1689 4051 ab·
1715 3996 1787 4052 co-

276 4103 364 4159 runr
378 4069 622 4158 Austoribus
634 4073 874 4184 temporales
889 4077 1116 4193 Martyrum
1142 4087 1280 4194 pirric
1303 4099 1574 4166 curarentur:
1602 4079 1651 4167 sic
1678 4087 1723 4166 Sc.
1747 4087 1792 4167 in

275 4192 593 4279 Sacrainentariis
620 4191 867 4308 propriisque
895 4196 1126 4308 Martyrum.
1154 4194 1302 4301 missis,
1330 4195 1495 4283 mirifici
1524 4203 1632 4284 inter
1656 4202 1796 4291 Patres

278 4314 314 4393 8<
344 4310 501 4392 Sacram
523 4303 749 4416 liturgiam
778 4308 1032 4401 consen-sione
1056 4365 1075 4413 2.
1110 4317 1267 4403 illorum
1294 4336 1489 4403 tormenta
1516 4321 1536 4413 '2
1567 4324 1791 4430 precinun-

276 4455 350 4540 qnc
376 4421 487 4537 gesta·
519 4438 565 4506 vt
595 4421 821 4530 Gregorius
854 4427 1142 4544 &flilduinus
1176 4428 1338 4518 edixere
1371 4484 1390 4533 2
1420 4460 1513 4549 ¹non
1542 4433 1643 4521 vero
1677 4432 1794 4517 Mar·

1723 4571 1793 4661 ty·

319 4753 344 4834 -(
354 4759 400 4843 a)
423 4755 463 4824 In
486 4757 590 4846 Epist..
614 4758 654 4826 acl
674 4756 875 4831 [udovicum
895 4717 1018 4832 Pium-i
1120 4765 1165 4856 (c)
1185 4767 1357 4858 Gregorius
1369 4769 1487 4839 Turno·
1501 4770 1540 4840 dc
1556 4769 1795 4841 mirac..S.Mar·

283 4845 515 4936 Areopagiticir
543 4847 669 4937 preliis
694 4875 746 4938 ap·
774 4850 836 4922 Th.
862 4850 1012 4925 Ruinart.
1075 4855 1131 4924 tini
1145 4865 1217 4932 Lib·
1229 4867 1272 4932 ΙΙ.
1287 4868 1360 4951 Cup·
1372 4866 1469 4955 XIV·
1480 4872 1564 4938 Edit·
1577 4865 1677 4952 raris·
1699 4879 1799 4947 1⁶99·

265 4947 314 5016 ‚in
340 4943 434 5026 Praef·
458 4951 530 5013 Asi·
546 4950 653 5014 Mart·
673 4956 703 5021 s·
726 4949 752 5012 l.
776 4969 854 5014 nnn·
881 4969 910 5024 5·
1069 4956 1124 5022 toi·
1149 4960 1248 5037 104'6.

327 5031 373 5115 (b)
400 5029 529 5102 uratia
542 5032 620 5103 Asi.
644 5033 854 5133 Mart-ptulit
877 5041 1009 5126 inseritis·
1159 5101 1164 5106 .
