4184 5904
1454 340 1459 349 ·
1554 346 1656 455 115

148 559 306 648 cumque
332 528 527 647 Hispania
552 522 696 612 cladem
708 524 932 644 prasoiffi,
963 542 1007 612 vt
1022 520 1086 608 Cl.
1103 526 1330 637 Cayetanus
1346 528 1525 615 Cennius
1554 524 1661 615 affit·

153 659 273 739 mavit
302 635 402 767 (τῆς
431 644 497 730 sed
525 661 694 729 exeunte
718 646 931 730 minimum
959 649 1102 729 ostano
1124 639 1264 730 saeculo
1290 665 1496 732 exaratum
1524 642 1659 735 suillo.

151 768 261 889 Qrid
295 766 422 863 veto,
446 769 630 875 inquam,
665 780 750 844 tum
772 762 926 870 possea?
957 760 1171 845 Maximam
1195 761 1353 873 quidem
1378 763 1538 875 utrique
1569 764 1663 849 huic

71 916 77 927 ·
154 885 350 994 Scriptori
375 882 647 969 audioritatem
674 869 792 965 inesse
819 877 933 977 scio,
963 904 1125 988 eamque
1155 882 1196 963 in
1224 880 1308 966 dies
1335 878 1563 991 amplificati
1598 908 1666 965 ve-

155 1008 360 1091 hementer
387 996 506 1110 cupio
530 1026 546 1108 3
580 992 751 1103 return,
782 996 809 1082 st
845 995 970 1082 libere
1002 991 1271 1108 philosophari
1304 992 1451 1099 liceat,
1485 1022 1562 1110 prae
1590 1024 1665 1099 ea,

158 1145 319 1236 praeque
345 1119 578 1204 coniecturis
602 1137 684 1223 quae
711 1110 971 1199 diiudicandae
995 1118 1098 1199 etati
1126 1121 1208 1199 eius
1231 1110 1395 1199 Codicis
1420 1114 1666 1219 afferuntur,

155 1263 274 1323 unam
306 1237 411 1319 inter
438 1229 665 1319 Felicem&
692 1227 929 1317 Cucufatem
946 1231 1174 1316 orationum
1196 1233 1239 1317 in
1265 1226 1349 1342 ipso
1366 1227 1667 1343 disparilitatem

156 1358 278 1462 longe
300 1348 532 1438 validiorem
557 1366 683 1460 puto3
713 1368 831 1549 atque
859 1372 909 1431 ex
937 1345 984 1434 ei
1007 1344 1170 1432 Codicis
1190 1364 1341 1434 atatem
1371 1348 1475 1434 intdt
1506 1344 1581 1433 alia
1608 1345 1671 1433 di-

161 1466 401 1555 metiendam
429 1461 552 1574 sore3
581 1484 651 1550 aut
678 1490 754 1576 pra
771 1470 967 1552 entiotem
995 1462 1110 1550 aliam
1136 1485 1252 1554 tanta
1278 1465 1547 1583 inequalitatis
1573 1491 1670 1550 cau-

157 1584 234 1671 sam
262 1586 319 1689 hii
348 1589 568 1695 Scriptores
591 1580 822 1671 adducant.
1282 1684 1285 1689 ,
1587 1602 1592 1611 “
1638 1614 1680 1645 2

278 1703 413 1816 Fugnx
445 1720 634 1811 praterea
656 1703 696 1783 &
723 1701 910 1788 lubricum
938 1701 991 1789 esi
1021 1701 1210 1789 iudicium
1237 1706 1288 1791 de
1317 1721 1429 1791 atate
1456 1700 1671 1813 Codicum,

157 1822 200 1907 in
232 1847 316 1934 quo
346 1818 550 1930 postquam
580 1815 618 1901 se
648 1816 789 1905 misere
822 1819 1011 1932 deceptos
1045 1840 1161 1928 atque
1187 1819 1449 1934 deprehensos
1474 1820 1674 1935 agnostire

161 1944 355 2026 cautiores
381 1931 675 2049 Palaeographi:
711 1933 860 2023 fallacia
882 1935 1015 2022 omnia
1046 1955 1166 2047 atque
1190 1935 1420 2022 insidiarum
1447 1938 1566 2051 plena
1594 1928 1672 2026 elie

159 2059 502 2167 pronuntiarunt,
533 2048 713 2163 nihilque
740 2050 895 2165 prorsus
923 2054 990 2140 vbi
1031 2055 1123 2138 tuti>
1153 2050 1294 2164 pedem
1323 2053 1444 2167 sigere
1474 2052 1595 2142 valeas
1630 2056 1673 2139 in

156 2200 205 2256 eo
227 2190 461 2282 argumento
491 2168 683 2278 reperiri.
715 2173 861 2283 Neque
876 2172 1034 2255 demum
1058 2160 1244 2269 excusso,
1270 2168 1386 2283 quam
1415 2171 1538 2256 velint
1556 2197 1675 2258 accu-

155 2282 345 2372 tutissimi:
362 2342 376 2389 ,
393 2290 622 2370 chatasieris
639 2287 719 2371 eius
735 2286 861 2372 libelli
885 2288 1095 2401 specimine
1114 2287 1136 2368 d
1156 2285 1371 2373 sslanchino
1385 2287 1571 2373 exhibito
1588 2286 1610 2392 (
1637 2292 1674 2405 )‚

152 2398 302 2487 causam
334 2421 400 2486 aut
429 2407 694 2485 coniecturam
732 2403 902 2514 aliquam
930 2400 1214 2486 inveniendam
1243 2398 1329 2488 fore
1352 2405 1528 2490 existimo
1561 2458 1577 2506 ,
1605 2431 1675 2489 cur

156 2521 281 2625 magis
306 2518 372 2601 ille
400 2514 450 2603 ad
476 2515 686 2626 septimum
706 2517 824 2630 quim
843 2516 893 2603 ad
918 2524 1101 2605 ottanum
1121 2514 1299 2605 saecutun
1323 2527 1548 2632 pertineat3
1578 2547 1676 2631 prta·

156 2630 289 2720 sertim
323 2661 413 2717 cum
451 2637 592 2743 prioris
630 2631 733 2717 illius
766 2631 892 2719 saculi
926 2634 1137 2747 paucissimi
1178 2655 1315 2724 extent
1347 2636 1521 2720 Codices
1558 2665 1673 2723 non:
1710 2650 1735 2667 ‘

153 2747 349 2864 quadrato
364 2802 378 2846 2
396 2767 439 2835 vt
465 2769 637 2849 uocant,
667 2771 736 2836 aut
753 2751 801 2836 ad
819 2755 1057 2865 quadratum
1082 2752 1304 2863 scriptionis
1332 2778 1457 2862 genus
1485 2752 1676 2841 acceden-

155 2888 196 2948 te
224 2867 447 2949 charactere
469 2861 601 2972 scripti
625 2886 639 2963 3
671 2866 860 2976 corfinum
886 2890 1052 2968 autem,
1077 2870 1155 2981 qui
1173 2867 1343 2955 Libellus
1371 2868 1548 2966 constat,
1580 2869 1675 2956 scti-

155 2978 275 3066 bendi
314 2984 511 3064 rationem
542 2985 665 3064 ternis
710 2983 870 3068 demum
911 3008 996 3093 quae
1024 2986 1268 3098 consequuta
1299 2978 1388 3073 sunt
1424 2982 1565 3071 seculis
1597 2984 1676 3077 sre-

153 3104 333 3212 quentari
356 3114 563 3199 coeptam,
593 3116 712 3203 atque
740 3098 781 3181 in
810 3101 981 3183 maximo
1014 3099 1081 3183 vsu
1113 3095 1225 3184 fuisse
1247 3100 1439 3187 sciamus.

270 3218 330 3299 Ac
365 3211 461 3292 mihi
489 3206 682 3319 quidem,
714 3230 758 3292 vt
783 3212 904 3295 liberi:
931 3213 1121 3297 iudicium
1151 3217 1300 3302 dehac
1329 3248 1372 3303 re
1395 3250 1524 3310 meum
1553 3247 1676 3336 expo·

152 3361 276 3426 nam,
304 3322 518 3437 siquando
550 3324 592 3405 in
622 3325 748 3409 affinis
769 3330 1001 3411 characteris
1020 3324 1218 3411 Codicem
1248 3333 1498 3439 incidissem,
1527 3369 1677 3428 exeun-

152 3456 202 3534 tis
230 3443 345 3555 plane
375 3442 502 3525 octavi
528 3435 655 3524 seculi
682 3492 697 3538 ,
725 3436 917 3524 forsan&
947 3449 1117 3527 ineuntis
1156 3450 1252 3528 noni
1282 3448 1435 3534 Genius
1465 3454 1576 3541 illico
1602 3465 1675 3547 itu

155 3562 290 3650 oculos
329 3546 569 3640 incurrisset.
602 3554 727 3673 th
754 3556 967 3643 fiCodicis
990 3566 1266 3671 antiquitatem
1296 3592 1379 3648 non
1405 3593 1451 3651 ex
1478 3569 1674 3681 scriptura

156 3682 179 3787 (
191 3704 277 3791 quae
303 3673 428 3785 potest
451 3662 527 3756 elle
555 3674 822 3795 recentior),
851 3668 918 3759 sed
943 3706 991 3764 ex
1015 3676 1142 3791 phrasi
1170 3698 1290 3792 atque
1311 3708 1544 3790 argumento
1568 3685 1674 3771 eius·

150 3795 242 3881 dem
281 3792 370 3876 elici
400 3791 544 3875 debete
580 3789 811 3876 Blanchinus
842 3821 888 3877 ac
926 3797 1104 3881 Cennius
1131 3796 1415 3887 contenderint
1437 3828 1464 3886 :.
1491 3805 1676 3889 sanent-ts
1761 3810 1765 3817 '

152 3909 240 4025 ipsis
268 3902 450 3994 assentiar
478 3905 643 4015 reperiri
676 3908 719 3990 in
747 3938 795 3992 en
819 3909 977 3997 Codice
1014 3938 1099 4025 quae
1131 3913 1421 4003 remotissimam
1451 3928 1677 4031 antiquita-

153 4050 232 4114 tem
265 4022 446 4140 sapiant,
481 4019 599 4135 quale
628 4028 733 4109 inter
760 4024 833 4108 alia
857 4023 952 4111 illud
972 4030 1056 4124 eti,
1081 4030 1191 4133 quod
1218 4029 1496 4125 deomnimada
1509 4041 1676 4151 stipula.

153 4170 304 4234 crorum
316 4139 592 4257 fitpcrstitione
620 4140 805 4239 denisio,
834 4139 873 4221 in
902 4142 1025 4228 altera
1046 4166 1094 4223 ex
1115 4146 1374 4231 Orationibus
1405 4154 1455 4233 de
1484 4160 1553 4240 SS.
1574 4160 1673 4242 Fru-

152 4258 283 4348 ctuosi>
309 4258 559 4370 Auguria&
593 4257 770 4372 Eulogio
800 4255 864 4378 (c)
895 4257 1072 4372 legitur:
1105 4256 1241 4351 veritur
1269 4290 1395 4378 neque
1426 4293 1474 4352 ex
1497 4272 1558 4357 his
1589 4274 1676 4359 suis

994 4379 1027 4462 P
1060 4400 1083 4459 a
1202 4380 1206 4389 “
1603 4420 1676 4479 pa.

194 4565 254 4649 (a)
287 4566 363 4632 istu.
391 4565 415 4629 1.
441 4565 477 4628 eie
501 4565 615 4648 Antip·
642 4569 727 4632 Eccs·
749 4569 881 4655 Hspun·
940 4573 1069 4635 veritate
1081 4569 1333 4657 diliguntque
1353 4580 1441 4644 etiam
1449 4580 1581 4667 fideliter
1605 4584 1676 4648 nlla·

144 4676 223 4747 pag.
241 4664 292 4719 ιε.
316 4677 366 4737 ap.
388 4650 551 4719 Blanchin.
575 4661 607 4722 in
628 4662 741 4724 Annor-
761 4662 883 4727 Orutio·
941 4680 1010 4727 rure
1035 4701 1060 4736 „
1085 4674 1118 4723 nt
1128 4656 1308 4726 omnimodi
1320 4658 1551 4735 fimulacrorum
1568 4672 1676 4753 supcr-

150 4754 230 4820 Wfp
255 4752 330 4833 μοί,
343 4747 518 4817 ςΧΧΧΗΙ.
794 4834 801 4845 Ι
944 4794 971 4829 ,,
993 4746 1118 4813 stitione
1138 4748 1261 4818 devttta
1285 4798 1311 4834 ‚,
1326 4762 1446 4841 placitu
1465 4765 1525 4829 tibi
1547 4767 1675 4848 nitri-tp-

195 4842 261 4914 <s)
290 4846 368 4904 sorn-
399 4841 425 4903 I·
450 4838 575 4922 Litttrg·
603 4838 694 4923 Opes·
720 4841 763 4905 V·
790 4844 882 4910 Ceras·
942 4864 1008 4908 rum
1033 4849 1315 4913 taurominitanum
1340 4854 1505 4931 sequamur
1526 4859 1674 4936 uestigio.

155 4930 296 5015 Tboruossi
314 4935 394 4995 iuter
410 4930 823 5013 prolegom-Pag.c·rrrit1.
945 4930 1028 5019 Qae
1040 4932 1075 4995 ad
1094 4952 1130 4997 ea
1149 4949 1313 5017 tempora,
1327 4935 1438 5024 quibus
1461 4940 1560 5007 adhuc
1583 4943 1672 5024 sirpe-

201 5018 244 5098 (a)
268 5017 352 5083 Inter
377 5013 544 5085 Orationes
569 5016 610 5082 de
632 5014 686 5083 SS.
713 5014 884 5085 Fructuosi
943 5038 1045 5085 terant
1073 5020 1104 5087 in
1130 5022 1280 5105 Hispania
1304 5027 1489 5102 Etltnicismi
1509 5032 1672 5122 velligls-a·

151 5109 184 5177 dt
207 5104 305 5199 Sociis
326 5110 395 5197 sag·
414 5125 462 5197 εἰς·
483 5113 547 5183 Fut
573 5130 620 5180 tur
641 5124 671 5177 te
687 5109 803 5199 stupet
821 5117 884 5201 step,
941 5104 1102 5206 reserenda
1123 5132 1221 5206 puto·
1302 5116 1305 5121 ’
1389 5116 1398 5123 ’
