4184 5904
1693 350 1796 471 171
1930 394 1934 401 -

182 626 186 635 ,
291 549 463 628 munione
491 543 587 622 inter
613 536 792 641 Hispania
816 537 999 622 &Galliis
1024 537 1280 615 Narbonensis
1307 533 1479 617 Ecclesiae
1509 534 1544 611 in
1566 534 1716 634 Quarta
1733 538 1809 617 To.

293 652 416 728 letana
441 644 593 749 Synodo
620 643 764 746 praescri
795 660 861 734 ta,
881 661 990 743 atque
1021 643 1210 720 observari
1234 643 1323 719 iussa
1351 694 1364 730 ,
1390 636 1575 718 conficere
1609 637 1674 712 fibi
1702 639 1810 715 vide.

289 766 352 827 tur
365 800 378 836 ‚
402 770 523 846 neque
548 747 585 820 in
609 746 731 821 Gallia
786 747 977 823 arbonensi
1000 746 1191 822 triduanus
1215 746 1431 842 rogationes
1447 741 1513 817 vsu
1535 756 1706 839 receptas
1727 740 1811 818 suis·

286 852 354 942 se;
381 863 494 948 atque
527 847 623 924 adeo
650 846 819 940 blissale,
846 850 996 946 dequo
1027 849 1168 945 agimus
1194 900 1205 934 ,
1231 847 1279 921 ad
1305 870 1384 921 earn
1409 841 1539 918 Galliae
1567 859 1709 943 partein
1735 866 1812 920 non

224 1008 230 1019 .
290 949 531 1053 pertinuisse.
556 950 637 1027 Nos
662 956 821 1039 contra,
846 948 1174 1038 vetustumillum,
1201 950 1507 1050 populorumque
1528 942 1657 1018 Gallia
1680 943 1812 1019 animis

283 1053 442 1133 infixum
468 1051 707 1149 rogationum
735 1052 991 1128 triduanarum
1018 1051 1149 1139 vsurn,
1175 1053 1240 1124 vel
1271 1047 1353 1150 post
1367 1046 1527 1122 Concilii
1555 1048 1619 1122 IV.
1641 1046 1811 1120 Toletani

283 1169 480 1255 tempora,
504 1153 543 1228 id
566 1151 618 1228 est
632 1152 713 1252 post
735 1170 934 1255 cooptatos
962 1152 1179 1253 Hispanicos
1205 1154 1321 1240 ritus,
1356 1148 1513 1250 potuisse
1543 1147 1813 1223 wallo-Nar-

286 1254 510 1331 bonensibus
534 1254 696 1331 Ecclesiis
722 1256 869 1331 retineri
896 1254 1030 1330 ibidem
1056 1254 1265 1330 dicebamus
1291 1305 1302 1340 ,
1327 1251 1433 1326 cuius
1461 1246 1516 1322 rei
1541 1250 1704 1324 maxima
1731 1249 1809 1325 hnc

285 1355 509 1432 documenta
550 1357 704 1431 insunt.
744 1356 867 1433 Primis
895 1357 993 1431 enirn
1023 1355 1197 1453 Gregorii
1224 1357 1454 1428 Turonensis
1483 1400 1494 1437 ,
1531 1349 1630 1453 apud
1661 1348 1814 1423 Amaia.

284 1457 382 1532 rium
408 1458 667 1545 Fortunatum,
696 1459 815 1550 (Lib.
834 1483 865 1534 i.
891 1459 936 1533 de
965 1457 1062 1537 Eros.
1091 1454 1154 1558 off.
1181 1476 1259 1575 cap.
1290 1452 1475 1548 xxxvij.)
1512 1448 1720 1526 testimonio
1746 1450 1812 1526 sci-

283 1580 391 1646 iiius,
417 1557 605 1634 triduanas
631 1561 850 1655 rogationes
877 1565 899 1633 a
926 1561 961 1635 S.
978 1560 1161 1633 Mamerto
1187 1552 1379 1631 Viennensi
1405 1552 1469 1627 sub
1501 1550 1622 1628 saculi
1639 1553 1683 1625 V.
1701 1547 1811 1624 linein

282 1666 414 1745 contib
455 1675 564 1736 terro
602 1667 724 1736 motils
754 1665 790 1740 dr
832 1663 1008 1762 luporum
1039 1662 1180 1734 rabiem
1204 1656 1405 1742 institutas,
1436 1652 1597 1727 eiusdem
1635 1652 1810 1749 Gregorii

282 1784 393 1848 ervo,
418 1758 455 1833 id
478 1759 679 1862 estpaullo
707 1781 792 1837 ante
816 1762 972 1840 Concilii
1006 1763 1069 1839 lV.
1095 1760 1265 1835 Toletani
1292 1775 1463 1856 tempora
1480 1754 1582 1853 apud
1612 1779 1727 1830 omnes
1744 1756 1813 1838 Er·

283 1862 405 1963 csefiar
431 1860 672 1952 (Galliarum
702 1864 877 1951 scilicet,
904 1879 948 1936 ut
984 1863 1198 1937 Amalarius
1230 1858 1364 1935 eodem
1394 1857 1482 1930 loco
1513 1855 1812 1955 interpretatur)

281 1960 502 2040 obtinuisse.
530 1963 758 2040 Walasridus
785 1987 937 2065 quoque
967 1964 1099 2038 Strabo
1128 1966 1205 2055 (de
1224 1962 1297 2038 reb.
1321 1955 1417 2035 Eros.
1441 1974 1520 2056 cop.
1547 1954 1710 2055 xxviij.)
1736 1953 1814 2029 eas.

284 2062 370 2140 dem
397 2066 612 2161 rogationes
643 2064 680 2141 in
705 2071 867 2144 omnibus
895 2063 1104 2142 Galliarum
1132 2114 1145 2150 ,
1172 2062 1285 2135 immo
1311 2060 1422 2132 etiam
1449 2055 1657 2134 Germanis
1685 2057 1813 2130 Eccle-

285 2165 346 2241 iiis
373 2163 440 2239 suo
477 2182 645 2264 tempore
671 2217 684 2253 ,
709 2167 798 2241 idest
825 2169 889 2242 sub
917 2163 1075 2241 medium
1104 2164 1163 2239 lls.
1195 2161 1314 2237 suculi
1342 2157 1534 2237 consuetas
1561 2155 1642 2231 fieri
1667 2155 1812 2232 asserit.

288 2267 453 2341 Leonem
483 2282 661 2364 proterea
686 2264 779 2355 lll.,
805 2268 870 2366 qui
899 2268 1030 2341 eodem
1058 2265 1265 2341 lll.sacculo
1288 2262 1435 2335 ineunte
1461 2258 1497 2333 8<
1524 2271 1685 2333 exeunte
1709 2256 1812 2333 vill.

288 2363 546 2440 Pontificatum
567 2367 688 2441 tenuit
713 2421 724 2456 ‚
750 2366 894 2443 easdem
917 2365 1143 2461 Rogationes
1168 2367 1204 2439 in
1233 2365 1370 2437 Vrbem
1397 2414 1409 2449 ,
1435 2357 1704 2456 Ecclesiamque
1730 2360 1804 2434 Ro·

287 2486 434 2543 manain
464 2464 669 2550 invexisse,
691 2468 800 2538 docet
824 2489 893 2537 nos
916 2464 1127 2537 Anastasius
1156 2464 1191 2535 in
1209 2464 1288 2538 eius
1305 2463 1409 2536 vita.
1439 2461 1560 2533 Taceo
1587 2461 1808 2533 Rhabanuni

288 2565 489 2648 Maurum,
515 2565 619 2635 cuius
641 2584 708 2634 nos
743 2563 882 2658 pridem
905 2560 951 2630 de
983 2582 1026 2629 ea
1054 2584 1095 2631 re
1126 2560 1370 2636 testimonium
1398 2557 1652 2653 adduximus3
1681 2559 1805 2634 Taceo

288 2664 487 2758 vulgarem
518 2660 722 2747 Albinum,
748 2661 809 2733 seu
836 2658 1061 2746 Alcuinum,
1085 2659 1153 2757 qui
1181 2660 1301 2750 (Lib.
1327 2658 1374 2733 dr
1395 2660 1486 2737 Dio.
1512 2657 1593 2759 Off.
1623 2661 1727 2737 rubr.
1761 2659 1808 2735 de
1897 2708 1900 2713 -

291 2763 388 2839 dieb.
412 2762 678 2860 rogationum)
707 2759 905 2839 earundem
933 2758 1223 2860 consuetudinem
1246 2758 1345 2864 apud
1372 2758 1495 2835 Gallos
1524 2763 1574 2834 ud
1590 2756 1667 2859 sua
1687 2758 1806 2859 risque

282 2861 727 3038 lilllsttllisltl¹
741 2858 1627 3039 lllltllls‘tlslsslsl'lll‘lbt
1647 2862 1699 3035 {t
1726 2860 1810 3035 sl·

1368 3013 1381 3049 ,
1790 3005 1808 3024 .

286 3061 394 3137 versa
421 3059 543 3133 Gallia
569 3056 761 3129 triduanas
788 3073 872 3129 ante
900 3054 1154 3132 Ascensionem
1185 3063 1401 3156 rogationes
1427 3060 1494 3133 vsu
1528 3078 1720 3161 receptas,
1746 3060 1808 3136 sed

287 3160 380 3236 alibi
408 3179 560 3258 quoque
592 3169 819 3326 propagatas
857 3152 1038 3228 suillead
1070 3156 1238 3251 publicas
1266 3157 1402 3234 scilicet
1428 3161 1653 3236 calamitates
1682 3163 1806 3263 depel-

283 3261 438 3346 lendas,
464 3258 499 3333 8(
527 3257 656 3354 placari
684 3279 740 3330 ani
765 3253 1088 3343 DiviniNuminis
1118 3256 1367 3334 iracundiam.
1396 3261 1471 3332 lam
1497 3259 1591 3336 ueris
1616 3287 1699 3339 cum
1727 3278 1806 3340 non

289 3357 403 3460 longe
438 3354 519 3459 poli
540 3356 698 3459 Concilii
724 3354 787 3431 iv.
811 3355 983 3431 Toletani
1011 3370 1218 3456 tempora,
1255 3356 1368 3432 inimo
1403 3356 1537 3433 eodem
1564 3361 1642 3458 ipso
1669 3363 1804 3440 saculo

287 3463 366 3537 Vll.
385 3473 546 3537 exeunte
569 3456 817 3535 Narbonensis
843 3454 967 3531 Gallia
991 3468 1049 3533 tot
1071 3458 1342 3557 calamitatibus
1366 3476 1594 3547 vexaretur,
1617 3454 1664 3537 'vt
1690 3466 1812 3543 Flavii

288 3560 458 3662 Egicanis
482 3559 693 3634 Gothorum
715 3557 825 3658 Regis
848 3557 1056 3634 testimonio
1082 3559 1305 3652 (Hortatur.
1332 3557 1383 3635 nd
1407 3559 1542 3640 Patrer
1558 3560 1639 3642 XV
1639 3565 1685 3639 11.
1711 3567 1806 3644 Corr-

285 3666 345 3743 cil.
379 3660 540 3739 Toletan-
564 3681 621 3762 ap.
651 3660 765 3737 Labb.
796 3656 889 3736 Tam.
916 3658 1021 3740 Vrii.
1036 3659 1112 3758 ¹crs.
1140 3659 1304 3760 830&
1328 3676 1486 3739 exterra
1514 3664 1645 3739 Gerrir
1679 3669 1806 3742 incur-

276 3765 357 3869 su,
381 3762 427 3846 &⁴
448 3763 558 3868 plagis
579 3760 777 3863 inguinalis
791 3762 947 3837 interitu
975 3759 1117 3837 deserta
1135 3765 1172 3840 dr
1187 3758 1296 3863 plani
1323 3761 1485 3839 desolata
1510 3762 1679 3858 dicatur;
1706 3789 1807 3839 eam·

285 3890 361 3966 que
388 3868 437 3941 ob
462 3863 603 3941 causam
626 3863 785 3938 Concilii
815 3863 943 3936 Patres
967 3865 1047 3940 Rex
1076 3865 1276 3953 hortetur,
1297 3860 1345 3939 nd
1374 3863 1465 3964 quid
1494 3868 1648 3963 gravius
1674 3868 1710 3941 in
1730 3870 1806 3942 He·

291 3969 415 4044 birros
442 3966 521 4039 eius
551 3964 714 4063 regionis
739 3960 878 4038 incolas
903 3959 1085 4037 statuant:
1110 3966 1194 4060 quis
1219 3965 1348 4040 credat
1374 3990 1437 4043 eas
1461 3968 1696 4066 rogationes,
1721 3993 1804 4067 quae

284 4071 375 4145 olim
404 4069 440 4143 in
468 4067 590 4140 Gallia
617 4065 774 4141 Gothica
802 4063 1036 4139 obtinuerant
1062 4113 1074 4151 ,
1100 4064 1265 4161 quasque
1291 4061 1448 4138 finitima·
1468 4070 1679 4148 Viennensis
1705 4072 1803 4147 Vrbs
1910 4107 1916 4116 ·

287 4162 381 4246 binis
413 4185 514 4243 retro
539 4167 678 4242 suculis
708 4164 1012 4267 praesentissimum
1042 4162 1226 4240 adversus
1266 4166 1363 4239 mala
1389 4166 1539 4266 publica
1565 4172 1802 4249 remedium„

292 4285 449 4371 experta
475 4268 619 4357 fuerat,
647 4269 809 4345 intanto
836 4288 961 4341 rerum
991 4264 1194 4342 discrimine
1223 4267 1269 4343 ab
1301 4263 1424 4341 iisdem
1451 4268 1805 4349 Gallo-Narbonem.

289 4370 386 4448 fibris
414 4367 627 4446 intermissas
655 4368 783 4447 fuisse?
809 4372 904 4470 Quis
932 4367 977 4441 de
1003 4366 1186 4445 triduanis
1210 4366 1469 4465 rogationibus
1495 4366 1592 4444 disia
1617 4371 1750 4447 sunto.

388 4473 496 4547 Circt
525 4496 597 4547 non
623 4472 746 4569 iugem
770 4484 922 4558 autem,
947 4493 992 4545 ac
1017 4493 1085 4569 per
1110 4486 1213 4546 totos
1239 4470 1311 4547 xi.
1327 4469 1503 4547 esuriales
1526 4472 1604 4548 dies
1626 4472 1803 4578 era·

288 4574 429 4672 gesimae
456 4573 779 4660 obseruationem,
805 4596 914 4671 quam
952 4570 987 4645 in
1014 4570 1192 4660 Ecclesia,
1217 4596 1298 4671 qure
1319 4572 1450 4648 Missali
1479 4575 1803 4653 Gothico-uteba.

285 4694 349 4752 tur
377 4675 528 4775 viguisse
556 4675 653 4750 idem
680 4674 907 4751 Clarissimus
935 4670 1080 4750 Ausior
1104 4676 1259 4750 affirmat
1285 4701 1296 4750 t
1320 4670 1406 4750 satls
1432 4676 1616 4776 superque
1639 4680 1661 4751 d
1689 4675 1798 4751 nobis

285 4777 417 4854 eodem
445 4780 532 4853 loco
558 4776 668 4877 (Pog.
684 4779 800 4878 89.'irr
824 4785 918 4868 ror.)
946 4774 1083 4851 diuum
1107 4775 1300 4867 existimo,
1327 4775 1564 4854 assessores
1591 4778 1798 4877 intelligant

209 4950 222 4965 ,
281 4906 357 4958 non
385 4880 541 4978 amplius
557 4879 591 4952 in
611 4901 654 4951 ea
670 4879 847 4964 Ecclesia,
879 4882 990 4978 quiin
1017 4901 1158 4954 xxxvi.
1174 4877 1303 4954 diebus
1333 4872 1572 4966 esurialib'us,
1597 4878 1797 4978 quinquies

281 4984 334 5060 ob
360 4981 513 5061 totidem
539 4998 779 5061 occurrentes
818 4978 1035 5063 Dominicas
1061 4979 1277 5161 interrqptis
1305 5031 1316 5073 ,
1341 4981 1672 5085 eragesimale
1702 4981 1800 5052 ieiu-

865 5089 873 5107 '
1248 5104 1271 5161 a
1465 5085 1468 5091 ’
1691 5081 1793 5165 uiuni
