4184 5904
448 294 603 447 rt·

440 479 540 568 dum
564 475 775 568 obtinuisse
792 472 1023 566 Adversarii
1052 475 1224 583 uolunt,
1254 480 1303 566 ab
1328 501 1434 563 anno
1461 473 1747 563 CCLXXXV.
1779 498 1848 565 aut
1875 505 1959 569 non

439 596 568 686 multo
597 597 711 709 post,
743 602 905 710 integro
933 590 1079 678 scilicet
1109 595 1205 680 ante
1233 599 1419 680 Siricium
1449 594 1626 693 sucum,
1664 599 1837 705 incipere
1865 627 1964 685 om·

437 716 538 800 nino
566 713 738 801 debuit.
770 713 885 828 Qid
916 728 1048 794 autem
1071 706 1121 794 de
1152 713 1391 799 Innocentio
1414 711 1619 814 dicemus,
1649 739 1762 822 quem
1789 714 1956 805 Ineunte

437 828 603 917 demum
619 829 755 916 seculo
778 830 924 945 quinto
945 823 994 908 ad
1015 826 1294 916 Pontificatum
1312 834 1492 916 evectum
1518 821 1633 913 fuisse
1654 826 1835 915 constat?
1864 836 1957 918 Nec

436 954 562 1060 magis
586 949 662 1032 huc
687 947 863 1060 speclant
883 941 1130 1031 Thomaisrni
1160 944 1260 1063 (a),
1288 951 1326 1030 δι
1351 949 1557 1031 Bonarotii
1574 941 1645 1063 (b)
1660 943 1837 1058 exemplo
1853 946 1956 1035 mul·

434 1063 486 1149 to
508 1064 627 1175 quim
644 1061 703 1151 vel
720 1069 881 1151 Sinicius
909 1076 1031 1172 atque
1047 1061 1310 1149 Innocentius
1331 1067 1639 1161 recentiora‚ac
1653 1059 1824 1172 proinde
1849 1078 1955 1151 tem·
1986 1092 1998 1109 ·

434 1184 527 1291 pori
558 1211 641 1296 quo
668 1209 768 1294 puer
797 1196 883 1268 erat
907 1172 1064 1262 Damasi
1092 1206 1231 1293 parens
1258 1207 1343 1268 non
1381 1176 1498 1269 facile
1524 1176 1840 1269 accomodando.
1875 1181 1956 1271 Sed

355 1320 363 1343 ⁸
435 1292 725 1384 &diverticulo
752 1304 792 1381 in
822 1303 957 1383 vitm.

556 1416 669 1499 Ante
697 1411 873 1499 silvestri
913 1429 1094 1520 tempora
1132 1411 1310 1509 fueritne
1338 1422 1380 1503 ln
1421 1418 1558 1534 aliquo
1586 1445 1634 1505 ex
1661 1414 1859 1505 Conciliis
1885 1432 1958 1508 tut

432 1530 670 1618 Canonibus
695 1527 968 1616 Ecclesiasticis
992 1548 1099 1616 certa
1134 1555 1223 1623 etas
1249 1538 1461 1651 prestituto
1489 1585 1505 1635 2
1543 1534 1623 1651 qui
1656 1534 1887 1623 Lestoribus
1911 1535 1957 1622 id

432 1675 579 1736 munus
608 1651 809 1735 committi
840 1645 1042 1747 deberet,
1081 1646 1336 1757 exploratum
1377 1682 1456 1745 uon
1493 1654 1550 1740 'est
1581 1715 1593 1739 .
1638 1656 1867 1767 Vtcumque
1893 1668 1958 1740 ta·

433 1794 528 1853 men
562 1760 604 1847 id
639 1763 798 1862 fuerit,
828 1760 931 1848 illud
959 1757 1139 1863 constat,
1168 1764 1442 1878 provectiores
1471 1791 1560 1850 eum
1593 1793 1757 1879 quoque
1784 1766 1955 1882 gradum

432 1883 618 1971 obtiuere
645 1876 817 1995 potuisse
845 1929 861 1979 ,
889 1873 1012 1990 idque
1039 1875 1117 1964 iam
1154 1884 1203 1968 ab
1232 1883 1321 1995 ipsrs
1357 1879 1534 1970 Ecclestae
1555 1882 1823 1995 primordiis.
1855 1886 1959 1971 Cer-

304 2080 307 2085 .
431 1993 478 2083 te
507 2008 547 2087 in
580 1997 639 2082 Iris
674 2027 774 2109 quos
805 1991 1092 2107 Apostolorum
1132 2001 1317 2087 Canones
1350 2016 1538 2102 vocant,
1579 2004 1646 2112 qui
1674 2029 1721 2086 ex
1751 2009 1833 2088 vita
1857 2030 1959 2115 gen-

428 2112 499 2200 tili
530 2113 581 2202 ad
610 2110 819 2199 Ecclefiam
858 2100 1089 2196 accesserint
1127 2116 1394 2231 &baptizati
1433 2117 1585 2204 fuerim
1615 2144 1695 2204 non
1739 2108 1958 2233 prohiben-

431 2248 499 2317 tur
533 2235 579 2315 in
607 2227 773 2314 Clerum
815 2226 975 2314 admitti
1005 2222 1136 2343 (c),
1176 2264 1255 2333 ceu¹
1282 2241 1324 2320 in
1356 2263 1497 2324 eorum
1527 2238 1739 2322 Canonum
1768 2238 1957 2322 LXXIX.

430 2341 590 2434 disertis
623 2345 754 2430 verbis
783 2340 933 2457 legitur
960 2403 973 2426 .
1015 2344 1110 2429 Scio
1142 2348 1329 2464 equidem
1372 2350 1654 2439 nonnullorum
1682 2359 1958 2440 auctoritatem

429 2462 579 2579 (d),
624 2469 748 2547 immo
786 2466 826 2542 dc
869 2455 1015 2547 Golasri
1050 2461 1163 2573 Papae
1206 2466 1428 2555 Decretum
1472 2466 1570 2590 (e)
1610 2470 1957 2575 intercedere„

429 2587 644 2695 quominus
672 2582 764 2668 tuto
802 2579 865 2664 his
898 2576 1132 2663 Curionibus
1168 2575 1420 2671 assentiamur
1447 2611 1464 2689 3
1506 2587 1646 2674 veritur
1679 2591 1711 2671 is
1739 2613 1856 2699 quem
1886 2584 1958 2673 ud·

430 2697 652 2796 duxImus,
696 2696 916 2815 quodiam
947 2690 1103 2806 pridem
1132 2697 1181 2783 ab
1205 2703 1385 2815 Origene
1410 2699 1553 2792 contri
1584 2699 1747 2791 Celsum
1784 2701 1868 2818 (f)
1896 2703 1959 2788 al-

428 2811 581 2925 legatus
607 2810 731 2900 suerit
760 2810 973 2910 ,minime
1001 2803 1177 2891 salsitatis
1201 2821 1303 2893 uiti0
1327 2808 1504 2898 laborare
1536 2810 1746 2897 censendus
1776 2819 1860 2896 est.
1906 2819 1959 2904 Id

429 2926 557 3044 ipsum
581 2957 632 3013 cx
661 2925 837 3012 secundo
859 2917 1037 3006 Concilii
1066 2917 1222 3006 NIcaeni
1251 2924 1418 3012 Curione
1454 2925 1596 3042 (quod
1622 2924 1852 3035 Concilium
1882 2957 1956 3014 eo·

1863 3044 1958 3135 dem

475 3247 529 3346 [a]
549 3250 657 3323 Affcrt
678 3246 806 3341 quidem
826 3242 1165 3318 Thomaffinusercml
1222 3247 1314 3336 plum
1336 3295 1349 3332 ,
1372 3246 1525 3318 recentius
1548 3247 1640 3333 erog
1663 3251 1734 3322 clim
1762 3249 1849 3319 stilus
1873 3247 1957 3336 Epi.

433 3342 487 3431 pls
512 3345 678 3415 duodecim
699 3363 865 3429 puerorum
887 3339 943 3428 qui
964 3359 1038 3407 cum
1050 3331 1165 3403 Ledo·
1221 3340 1421 3430 gramntttis,
1444 3359 1511 3409 tum
1527 3340 1606 3410 sorte
1628 3341 1958 3430 odiesiumeregione

433 3455 481 3503 res
504 3435 597 3505 essent
620 3431 814 3522 Carthagine
836 3428 1000 3500 Chrislum
1028 3425 1061 3493 sn
1090 3449 1164 3513 per·
1226 3430 1363 3502 ciusdem
1385 3432 1533 3501 caan-n
1570 3456 1798 3523 monogramma
1823 3432 1889 3500 satis
1912 3433 1962 3501 in.

435 3522 591 3597 secutione
611 3524 794 3596 wandalica
815 3519 943 3593 confessi
966 3522 1061 3592 suut·
1083 3520 1168 3587 Item
1226 3525 1328 3593 dicat.
1353 3521 1519 3597 Videndus
1544 3544 1646 3595 tamen
1668 3525 1720 3593 hie
1742 3524 1868 3593 Auctor
1892 3530 1959 3594 ob-

433 3614 607 3705 EI³ll³l¹²1lll
639 3610 851 3695 Tltlsstsssssss
884 3609 1167 3681 1⁰²⁰111'2C2b1'10·
1218 3621 1337 3703 seruat·
1356 3608 1604 3701 adfragmitr·
1620 3623 1959 3693 Florert.·cdit01716·

433 3710 557 3792 nensis,
581 3705 828 3796 chrysostomi,
851 3699 1066 3791 Euthymii&
1088 3698 1167 3766 alio·
1225 3710 1404 3791 pag.115.
1590 3771 1593 3777 Ι

434 3824 504 3868 rum
526 3824 595 3890 quae
618 3800 709 3884 louge
722 3792 893 3862 recentiora
917 3790 1006 3859 sunt.
1032 3786 1088 3856 Dc
1104 3788 1165 3858 Fc-
1271 3788 1317 3884 [c]
1328 3843 1355 3878 „
1368 3794 1452 3864 Eum
1471 3792 1530 3884 qui
1547 3816 1588 3865 ex
1602 3793 1667 3866 vita
1677 3794 1785 3886 gentili
1799 3794 1959 3873 accesserit

433 3890 616 3960 siccantem
635 3886 786 3965 N0l2³02
807 3905 902 3973 quem
918 3889 1025 3986 primis
1038 3887 1070 3984 ir
1082 3888 1166 3951 aruis
1224 3885 1448 3978 (aduectessau
1460 3894 1596 3975 scilicet)
1608 3934 1635 3972 „
1658 3893 1692 3957 &
1705 3888 1873 3974 baptizatus
1886 3889 1958 3958 sue·

434 3984 582 4054 Ltiiorcm
600 3985 666 4047 Deo
679 3977 848 4066 seruiiffe,'
863 3975 1008 4060 I’aulrnus
1024 3987 1083 4040 att:
1108 3993 1167 4040 uec
1225 4018 1252 4060 ‚,
1277 3977 1342 4060 rit,
1366 3980 1416 4047 vel
1441 4004 1480 4047 cx
1492 3977 1633 4065 improba
1656 3979 1783 4048 vivendi
1809 3981 1955 4064 ratione,

404 4120 407 4127 .
435 4071 505 4161 quis
520 4071 546 4141 is
566 4070 658 4142 Felix
680 4070 759 4136 iutcr
784 4066 864 4134 alios
885 4062 1082 4154 cognomines
1096 4062 1167 4133 fue·
1225 4114 1254 4152 ,‚
1279 4094 1339 4138 non
1353 4069 1398 4137 esi
1409 4092 1533 4161 aequunt
1546 4069 1684 4155 protinus
1697 4069 1885 4158 Episcopum
1899 4066 1956 4140 fie-

434 4163 478 4229 rit
502 4210 514 4246 ,
539 4186 639 4255 neque
662 4179 732 4230 aetas
752 4155 815 4247 qui
837 4155 946 4225 floruit
969 4157 1035 4223 satis
1056 4156 1167 4240 explo-
1224 4160 1252 4223 ri
1268 4203 1277 4224 .
1296 4169 1398 4232 canon
1415 4168 1547 4250 Apostol·
1564 4165 1710 4230 LXXIX·
1735 4169 1812 4232 Tou.
1826 4168 1852 4231 I·
1873 4169 1952 4232 Coll·

320 4249 323 4255 ’
437 4272 502 4321 rara
535 4253 612 4337 est,
643 4252 774 4340 dequo
798 4247 949 4317 videndus
977 4242 1165 4314 Ruinartiur
1223 4253 1321 4320 Labb·
1343 4258 1429 4324 Edit·
1451 4260 1563 4327 Vener·
1576 4258 1859 4326 MBCCXXVIII·
1873 4259 1954 4338 Peg.

436 4350 510 4419 Au·
536 4353 639 4417 illast·
662 4349 750 4412 Edit·
774 4346 891 4411 Veron.
910 4345 990 4426 pag.
1004 4350 1080 4404 216.
1104 4337 1166 4403 Po·
1224 4361 1280 4424 42.
1429 4352 1436 4387 r

438 4435 499 4501 ruit
520 4457 648 4526 quoquc
663 4440 777 4522 priuos
797 4452 886 4501 annos
906 4429 1052 4499 Paulinus
1072 4449 1168 4531 non-n
1269 4425 1321 4523 [A]
1343 4433 1411 4522 Ap,
1428 4433 1501 4504 Em,
1515 4434 1614 4505 cafd,
1627 4434 1813 4525 Aguffrium
1832 4439 1955 4507 pomp,

438 4525 602 4597 eds-'elicis
611 4522 778 4613 pueritiam
799 4522 850 4587 sed
868 4519 907 4589 ad
929 4521 1096 4591 iuvenilem
1119 4539 1168 4583 tu·
1227 4530 1385 4596 concup„
1409 4530 1534 4615 affin,
1549 4555 1577 4611 3,
1593 4533 1730 4616 excursu
1743 4548 1774 4595 2.
1789 4555 1818 4613 3,
1831 4525 1870 4601 (φ
1881 4559 1914 4610 4,

440 4637 619 4709 tegramque
642 4612 930 4686 aetutemretuliffe:
954 4636 1022 4681 nam
1045 4634 1169 4715 eommp
1273 4610 1319 4708 [e]
1343 4616 1398 4688 Dc
1414 4617 1617 4709 Apocryphis
1633 4619 1798 4707 Scripturis
1821 4629 1854 4691 itt
1875 4627 1958 4689 cun·

444 4719 575 4800 oporto
597 4715 725 4798 instituit
744 4709 864 4793 servire
885 4713 951 4777 Deo
970 4705 1172 4793 precedente
1229 4714 1300 4778 tilio
1322 4719 1454 4783 Romano
1477 4718 1580 4781 udan.
1593 4737 1673 4794 4⁹4·

444 4801 565 4890 periodi
577 4800 723 4889 pareest·
743 4793 822 4867 Vid·
833 4797 996 4867 Paulinum
1009 4820 1062 4883 ap·
1075 4795 1171 4865 eund.
1275 4794 1338 4892 [f]
1373 4802 1527 4889 Origenes
1549 4805 1656 4874 contra*
1671 4810 1788 4894 Celsum
1820 4807 1875 4873 lib.
1898 4803 1958 4870 111.

445 4892 589 4964 Ruinrrt.
612 4898 771 4979 Pagzrtl.
1232 4912 1282 4977 ap.
1298 4902 1404 4961 bever.
1428 4890 1560 4960 Binium
1586 4901 1617 4964 itt
1641 4915 1703 4965 not.
1726 4902 1768 4964 ad
1789 4901 1966 4962 Cononem.»

494 4979 564 5072 [b]
597 4981 701 5050 Meffii
724 4976 856 5052 Romuli
884 4980 1026 5050 Lesioris
1058 4977 1175 5067 pueri,
1234 4989 1379 5053 LXXIX·
1401 4990 1572 5071 Apostolos.
1606 4991 1867 5059 rontemnere.
1890 4988 1978 5057 rae·

450 5076 535 5170 quod
558 5097 655 5144 vnum
678 5077 696 5143 ir
720 5072 890 5163 Bonerotio
918 5071 1045 5165 asienus
1071 5095 1178 5143 crem·
1236 5079 1496 5147 bassacium.
