4156 5910
425 384 532 470 120

423 565 615 676 Martyris
634 560 799 676 patriam
824 557 847 642 i
871 552 1092 643 Prudentia
1123 552 1352 669 dehgnari3
1382 573 1471 643 cum
1488 577 1618 645 tamen
1643 555 1711 641 ilie
1741 556 1843 642 nihil
1862 551 1945 643 tale

424 691 602 801 cogitans
623 677 674 764 ad
690 675 908 773 Passionis,
935 667 1161 759 &nimime
1191 673 1241 756 ad
1269 666 1437 786 sepulcri
1461 673 1593 759 locuni
1617 665 1870 785 respexilser3
1905 670 1951 757 id

424 803 532 921 quod
557 798 583 881 ὲ
612 791 848 911 praecedenti
875 789 1071 890 disticho,
1102 788 1314 905 multoque
1335 791 1483 877 claritis
1512 818 1560 877 ex
1591 795 1757 902 proprio
1783 794 1957 875 Sancto-

424 949 513 1009 rum
539 916 767 1024 Martyrum
798 909 952 1017 hymno
977 903 1130 1016 liquet,
1160 897 1230 988 sub
1262 912 1373 992 cuius
1402 909 1565 995 initiunt
1592 909 1642 994 de
1659 909 1873 1020 Calagurri
1892 902 1958 989 lo-

427 1060 554 1153 quens
582 1030 823 1117 Prudentius
854 1030 909 1111 ait
938 1021 1035 1136 (a):
1334 1048 1340 1055 ·

664 1208 742 1290 Hie
763 1199 869 1288 locus
895 1198 1030 1316 dignus
1053 1194 1230 1287 tenendis
1260 1197 1386 1319 offlbiu
1419 1196 1523 1318 visus
1554 1202 1657 1285 Deo.

430 1390 509 1476 Sub
536 1386 656 1472 finem
688 1379 791 1473 verb,
816 1377 915 1498 (b):

668 1565 893 1675 Martyrum
922 1583 1007 1645 cuin
1028 1561 1202 1646 membra
1236 1559 1369 1646 nostro
1399 1555 1634 1674 conſscraait
1658 1555 1823 1668 oppido.

430 1749 517 1832 Nec
534 1740 829 1838 prudentium,
860 1738 1034 1848 quinon
1068 1732 1289 1845 longilsim‘c
1319 1737 1367 1821 tib
1397 1735 1536 1821 horum
1568 1734 1792 1841 Martyrum
1815 1731 1961 1821 saeculo

430 1868 565 1961 vixit,
594 1854 718 1944 larbre
746 1877 915 1962 unquam
945 1869 1126 1964 poterat,
1156 1880 1222 1939 eos
1239 1853 1413 1964 Legione
1443 1852 1548 1964 (quae
1576 1847 1679 1934 Vrbs
1709 1879 1789 1936 non
1815 1880 1963 1963 pauco·

432 2003 522 2062 runi
551 1974 705 2062 dierum
734 1969 948 2055 intervallo
979 1966 1235 2079 aiCaliigurri
1265 1966 1434 2055 seiuncta
1459 1966 1554 2085 est)
1583 1963 1772 2054 Marcello
1801 1988 1845 2055 iit
1868 1968 1965 2070 vul·¹

433 2123 489 2207 go
515 2091 692 2179 creditur
715 2087 966 2172 Centurione
993 2088 1226 2196 progenitos
1264 2078 1398 2172 fuisse.
1453 2152 1457 2159 .

549 2201 748 2293 Secundus
781 2208 862 2289 eius
891 2203 1003 2288 Libri
1041 2199 1212 2312 hymnus
1247 2201 1461 2289 Passionem
1494 2204 1624 2289 Sancti
1650 2207 1854 2290 Vincentii
1884 2205 1961 2290 Le·

433 2332 528 2411 vite
556 2327 769 2420 continet3
800 2325 840 2402 in
871 2346 921 2406 eo
948 2334 1078 2403 autem
1107 2321 1190 2404 alte
1223 2316 1340 2431 ipsius
1369 2324 1536 2430 patriam
1576 2316 1676 2403 sileri
1703 2324 1826 2405 modii
1857 2320 1964 2405 dice·

434 2443 590 2527 bamus.
619 2439 778 2521 Tertius
802 2432 852 2519 de
884 2433 1102 2516 Laurentio
1124 2434 1208 2529 est,
1238 2461 1284 2515 eir
1313 2460 1393 2542 quo
1421 2436 1589 2515 Romam
1609 2435 1839 2520 Sanctissimi
1861 2437 1966 2519 Mar«

434 2554 539 2667 tyris
569 2551 734 2665 patriam
758 2539 897 2648 suilse,
928 2548 967 2629 id
1003 2547 1057 2629 est
1084 2573 1224 2658 aquam
1250 2543 1274 2625 ὲ
1301 2551 1456 2653 pumice
1487 2550 1641 2631 haurire
1662 2553 1895 2635 blanchinus
1923 2551 1964 2632 dc

436 2671 629 2759 Merenda
660 2667 850 2764 voluere,
881 2687 951 2745 nos
979 2655 1184 2745 ediverso
1212 2658 1312 2744 nihil
1338 2666 1380 2743 iii
1409 2685 1459 2743 eo
1491 2665 1688 2749 contineri
1716 2699 1794 2780 quo
1819 2667 1965 2778 Hispa.

438 2790 506 2874 nia
537 2791 663 2873 nolira
687 2780 945 2894 designetur,
973 2796 1041 2861 aut
1075 2774 1182 2864 vnde
1210 2776 1353 2861 coniici
1392 2776 1507 2886 polsit
1547 2780 1587 2866 in
1620 2810 1663 2867 ea
1691 2808 1824 2866 natum
1851 2774 1967 2869 fnisse

438 2905 734 2997 Laurentium,
763 2926 842 2985 nori
883 2901 938 2981 ita
963 2892 1119 3006 pridem
1146 2889 1299 3006 proselh
1325 2888 1479 2975 sumus.
1511 2897 1686 3005 Qarrus
1706 2902 1836 2979 Sandti
1855 2902 1968 3005 Hip-

439 3019 570 3132 polyti
589 3078 603 3118 ,
620 3019 775 3126 quintus
800 3012 928 3098 sinai
948 3012 1168 3118 Cypriani,
1201 3005 1324 3091 sextus
1341 3010 1569 3090 Studiorum
1589 3009 1867 3118 Apostolorum
1886 3012 1969 3093 Pe·

440 3136 494 3219 iii
518 3138 557 3218 &
581 3132 690 3219 Pauli
722 3126 904 3239 pithones
922 3134 1161 3226 continent,
1190 3150 1285 3238 quus
1315 3121 1406 3233 quia
1433 3120 1485 3207 de
1511 3128 1692 3235 Hispanis
1719 3126 1968 3235 Martyiibus

442 3279 523 3339 tion
551 3268 675 3366 agunt
710 3241 892 3336 consulib
909 3243 1127 3329 mittimus.

559 3372 780 3478 Septimum
804 3371 886 3450 eius
915 3363 1023 3451 Libri
1054 3366 1276 3472 hymnum:
1307 3363 1456 3453 Laudes
1486 3363 1710 3453 territorum
1749 3366 1874 3452 decem
1903 3360 1962 3461 ὁ*

444 3484 523 3575 otto
549 3490 775 3598 Martyrum
807 3481 1224 3601 castiraiigustasamm
1253 3478 1317 3592 (c)
1348 3479 1610 3591 inscriptum,
1640 3504 1807 3596 quantus
1833 3478 1959 3571 ille..

443 3605 524 3701 est,
551 3605 573 3689 ii
600 3595 637 3685 se
667 3607 760 3687 liare
778 3598 1011 3684 blanchinus
1039 3590 1303 3695 existimavit,
1335 3596 1499 3698 verbm,
1532 3598 1668 3703 siquid
1698 3625 1775 3709 ego
1807 3595 1958 3700 tideo,

394 3748 405 3763 ·
444 3715 611 3805 mirifice
644 3724 683 3802 in
713 3745 762 3799 eo
788 3717 1001 3800 verborum
1036 3709 1160 3819 specie
1197 3706 1384 3817 deceptus
1413 3706 1525 3790 suit.
1561 3716 1661 3794 Rem
1695 3741 1810 3822 quain
1842 3732 1962 3823 pote-

444 3864 492 3920 ro
518 3831 740 3919 brevitsinib
771 3854 999 3939 exponam.
1033 3822 1205 3908 Extollit
1236 3827 1276 3905 in
1306 3851 1354 3907 eo
1388 3825 1537 3932 hymno
1567 3827 1804 3914 Prudentius
1828 3826 1963 3914 Casa-

445 3947 665 4060 raugustam
691 3942 826 4044 suam,
855 3941 962 4054 quiid
993 3935 1102 4027 sacro
1138 3937 1361 4027 oslodecim
1388 3941 1651 4052 Martyrum,
1684 3974 1855 4058 quorum
1885 3942 1964 4031 ser·

448 4086 515 4150 vat
543 4067 732 4159 cineres,
778 4058 955 4173 pracsidio
989 4056 1237 4146 munitilsima
1269 4057 1449 4145 adversiis
1492 4057 1772 4155 vicissitudines
1817 4058 1964 4149 habe'a-

447 4204 513 4266 tur
539 4200 554 4283 3
586 4176 769 4292 quodque
793 4182 833 4262 in
862 4199 1047 4265 extreme
1077 4176 1240 4263 ultionis
1270 4176 1338 4261 die
1370 4175 1494 4257 multi>
1524 4174 1652 4287 plures
1680 4207 1798 4292 quani
1833 4180 1962 4265 Vrbes

445 4294 527 4382 alia
555 4292 775 4381 sauciorum
809 4301 966 4383 exuvias
1003 4320 1182 4377 crinisro
1219 4293 1441 4401 Martyrum
1470 4289 1573 4404 Regi
1606 4304 1788 4381 votivum
1819 4324 1964 4381 munus

447 4413 629 4499 oblatura
658 4410 724 4494 sit.
756 4411 896 4522 Pergit
925 4406 1087 4495 subinde
1111 4415 1379 4495 concurrentia
1394 4405 1477 4492 loca
1505 4411 1645 4522 quibus
1663 4405 1754 4497 sacri
1775 4414 1964 4525 reliquia·

448 4559 537 4617 ium
576 4524 743 4615 thesauri
781 4527 1051 4613 reconduntur
1078 4550 1311 4613 enumerans
1335 4579 1348 4624 ,
1377 4523 1416 4605 dt
1440 4529 1496 4611 ait
1521 4553 1533 4607 ε
1565 4579 1595 4626 „
1625 4526 1813 4613 Corduba
1847 4526 1965 4617 Acis·

451 4701 480 4749 „
512 4646 615 4731 clum
653 4672 697 4730 ac
727 4642 914 4730 Zubllum
941 4642 1007 4731 seii
1045 4638 1208 4729 Zoilum
1237 4635 1412 4729 uiseret:
1446 4643 1618 4728 Tarraco
1646 4643 1899 4731 Fructuosum
1925 4648 1967 4729 be

1837 4814 1869 4868 is
1899 4758 1967 4845 so·

495 4963 555 5048 (a)
578 4969 683 5050 Sraph·
706 4969 746 5031 ΙΙ.
768 4970 805 5037 Y·
829 4973 873 5037 V.
1248 4961 1322 5033 osio
1344 4960 1480 5059 Martyr·
1500 4962 1968 5057 Caesaraugustrnor.Wcitzlus

500 5056 565 5131 (b)
590 5061 709 5141 Stroph·
734 5059 878 5123 XXXIX.
907 5058 954 5141 P·-
973 5070 1043 5121 iio·
1241 5078 1411 5149 pag-103.

501 5144 558 5239 lc)
583 5145 660 5219 vii.
684 5146 804 5232 Hymn.
829 5145 860 5214 iii
882 5144 1006 5219 hiidem
1029 5144 1189 5233 deceni&
