4184 5904
1570 406 1673 521 125

149 626 245 711 tur3
275 608 406 695 obiter
433 620 593 702 tamen,
623 596 845 687 &fortassis
862 606 906 691 vt
934 595 1109 713 strophes
1135 598 1265 691 hiatus
1291 594 1544 710 impleretur,
1574 594 1674 681 Em

147 734 230 815 eius
257 724 400 838 hymni
429 722 550 811 verba
578 718 676 835 (a):

436 958 622 1049 Germim
650 955 794 1043 nobilis
822 958 1012 1061 Eulalia,
1097 994 1100 1001 ·

501 1076 645 1161 Mortt's
674 1092 720 1162 at
744 1073 874 1157 indole
899 1074 1096 1171 nobilior,

498 1192 712 1278 Emeritam
727 1190 852 1306 stzcru
868 1190 982 1303 Virgo
996 1194 1147 1310 stram,

501 1310 630 1391 Cuius
658 1305 706 1392 ab
735 1305 853 1392 ubere
882 1314 1092 1420 progenita
1120 1301 1199 1402 eli,

503 1420 643 1539 Offibus
672 1444 787 1512 orum
822 1447 951 1510 amore
979 1430 1094 1514 colit·

174 1664 255 1750 Vhi
287 1654 545 1760 notandum,
577 1680 768 1745 comma:
797 1659 904 1746 culus
933 1658 986 1741 ab
1022 1658 1135 1744 ubere
1152 1658 1360 1769 progenita
1386 1651 1438 1769 est
1464 1704 1480 1754 a
1509 1655 1681 1768 periodo

158 1780 378 1895 appohtum
398 1829 413 1877 ‚
442 1775 603 1889 eiusque
619 1771 743 1887 plani:
762 1772 995 1876 &amatim
1026 1772 1130 1882 effe3
1161 1770 1273 1882 quod
1297 1768 1504 1880 proindest
1524 1772 1588 1859 vel
1617 1775 1682 1856 in-

159 1918 319 2011 tegrum
353 1894 612 2005 dempseris,
645 1882 1140 2002 sententiaehuttorisque
1184 1893 1223 1970 in
1266 1914 1311 1975 ea
1335 1883 1489 1999 strophe
1528 1914 1680 2001 propo·-

158 2015 234 2100 sno
260 2009 359 2096 nihil
385 2006 583 2109 decedet,
615 2034 694 2092 non
718 2006 824 2099 secus
849 2041 895 2099 ac
928 2011 956 2096 ss
986 2002 1234 2127 parenthehn
1263 2030 1310 2087 ex
1341 2007 1520 2088 oratione
1544 2003 1683 2089 detru-

167 2134 234 2215 has
260 2192 271 2213 .
308 2125 374 2215 Est
398 2148 531 2214 autem
549 2126 632 2209 'hic
659 2124 823 2215 sensus:
868 2130 1089 2215 Emeritam
1118 2120 1234 2205 Civis
1260 2115 1335 2203 soae
1364 2118 1518 2204 Eulaliae
1542 2146 1676 2205 amore

162 2251 296 2343 tueri,
325 2236 515 2356 sacrisque
544 2238 660 2352 ipsrus
677 2244 819 2331 ossibus
846 2251 1015 2344 ornari,
1042 2266 1163 2351 quem
1193 2238 1249 2321 bis
1276 2233 1517 2323 Prudentius
1547 2234 1683 2323 incui-

164 2382 225 2449 cat
253 2355 318 2445 sub
347 2358 523 2446 eiusdem
553 2361 697 2467 hymni
724 2360 872 2463 finem,
900 2360 1081 2475 inquiens
1109 2354 1208 2467 (b):

511 2537 626 2621 Nunc
651 2534 750 2623 locus
776 2542 951 2629 Emerita
974 2527 1027 2651 ess
1048 2534 1221 2624 tumulo.

163 2713 216 2801 Et
242 2708 377 2824 paullo
404 2703 569 2797 inseritis
602 2708 689 2828 (c):

500 2888 576 2972 Hic
597 2892 667 2973 ubi
689 2916 883 2978 marmore
901 2889 1165 3005 perspicuum

514 3005 736 3117 Relliquias
757 3008 978 3120 cineresque
994 3008 1130 3119 sacros

517 3122 663 3206 Servat
688 3119 828 3209 humus
848 3122 1068 3208 ueneranda
1077 3118 1199 3234 stau.

162 3290 320 3408 prorsus
351 3292 462 3387 vtad
486 3286 658 3401 sepulcri
684 3292 846 3394 locum,
877 3319 959 3379 non
986 3289 1036 3373 ad
1053 3287 1207 3374 Eulaliae
1230 3293 1398 3404 patriam
1420 3282 1686 3407 respexisse:

167 3407 407 3499 Prudentius
436 3405 637 3496 videatur.
1596 3406 1600 3413 ’

283 3529 466 3640 Superest
496 3521 608 3610 nobis
624 3523 910 3631 examinandus
944 3526 1116 3635 hymnus
1133 3527 1217 3609 eius
1235 3525 1347 3611 Libri
1377 3520 1581 3630 decimus,
1604 3556 1685 3642 quo

169 3642 370 3727 Frultuosr
396 3645 669 3728 &Sociorum
701 3642 1049 3729 Tarraconensrum
1077 3636 1194 3750 pallio
1219 3647 1481 3743 continetur3
1514 3665 1684 3755 quatuor

167 3760 274 3845 enim
302 3758 443 3872 reliqui
469 3758 517 3843 ad
533 3758 726 3869 Hispanos
750 3787 828 3846 non
856 3764 1059 3858 attinent,
1091 3756 1153 3844 vel
1179 3759 1231 3847 de
1260 3764 1408 3849 Sanctis
1428 3788 1506 3848 non
1533 3779 1682 3875 agunt.

170 3877 220 3958 In
248 3903 296 3960 eo
325 3897 457 3961 autem
487 3873 641 3982 hymno
670 3901 905 3992 quamquam
933 3875 1056 3963 multa
1083 3871 1134 3960 de
1164 3877 1302 3967 horum
1335 3881 1565 3993 Martyrum
1590 3906 1684 3966 cru-

177 3990 373 4096 ciatibus,
405 3995 443 4079 &
474 3995 573 4074 mira
602 3990 847 4094 contiantia3
876 3992 928 4078 de
954 3994 1068 4075 sacris
1094 3988 1268 4100 ipsorum
1296 3997 1537 4102 cineribus,·
1557 3995 1684 4107 deque

174 4107 374 4192 miraculis
401 4112 440 4192 8<
470 4101 678 4217 sepulture
704 4108 795 4196 loco
811 4104 988 4195 dilucidi:
1016 4102 1258 4195 habeantur:
1289 4110 1390 4194 nihil
1420 4129 1551 4199 tamen
1577 4110 1685 4226 quod

173 4221 225 4307 ad
254 4248 392 4309 eorum
429 4224 595 4337 patriam
623 4220 760 4312 referri
784 4224 898 4339 possit
914 4224 1098 4310 hasteous
1123 4233 1301 4340 reperire
1316 4230 1457 4339 potui3
1489 4254 1616 4344 neque
1643 4235 1685 4311 in

176 4368 227 4424 eo
255 4336 440 4425 laudatur
456 4340 627 4424 Tarraco
648 4342 715 4427 nih
741 4344 938 4429 occahone
967 4343 1151 4447 martyrii
1181 4341 1455 4458 sacrarumque
1482 4342 1686 4432 Prusiuosr

177 4460 438 4555 exuviarum,
461 4481 554 4567 quas
578 4456 788 4545 Prudentii
820 4476 933 4547 etate
959 4458 1266 4547 Tarraconenses
1303 4453 1547 4549 asservabant
1573 4525 1584 4548 .
1627 4462 1684 4559 Es

174 4570 311 4683 quihus
339 4570 478 4656 confici
505 4567 844 4682 planeexiliimo,
865 4573 1006 4664 nullius
1033 4596 1079 4658 ex
1099 4574 1287 4690 Hispanis
1309 4580 1555 4690 Martyribos
1581 4605 1686 4692 quo-

174 4716 261 4776 rum
284 4687 425 4799 hymni
451 4688 642 4775 habentur
670 4694 713 4779 in
744 4696 869 4785 Libro
896 4698 975 4797 aa&
997 4696 1187 4799 stadam,
1220 4700 1387 4808 patriam
1411 4697 1434 4780 ai
1461 4697 1685 4785 Prudentio

1636 4844 1685 4900 ex

215 5001 262 5117 [a]
287 5012 344 5077 IX·
361 5018 496 5099 Ialymnm
510 5020 542 5086 in
560 5020 696 5089 bonorem
716 5021 820 5088 Bcurae
832 5028 895 5093 Eu-
997 5018 1061 5117 [c]
1082 5028 1203 5113 rampo.
1225 5024 1371 5093 XXXIX·
1392 5024 1429 5096 l·
1457 5043 1530 5101 ¹91·
1553 5045 1626 5107 134·
1647 5013 1687 5091 st

170 5097 255 5162 lulcae
275 5106 447 5189 Martyris.
946 5119 1016 5208 seq.

211 5178 262 5274 [b]
283 5192 402 5279 serapt.
422 5197 608 5273 raruscu-
635 5202 673 5274 r.
696 5210 771 5283 ms.
