4184 5904
295 424 405 545 ¹70

283 613 422 710 lanugo
450 607 545 686 ciret
572 623 685 702 genas
708 599 941 681 effloruerat:
965 603 1040 679 boo
1064 613 1186 680 tamen
1203 593 1417 683 antitheseas
1448 616 1558 687 taust
1588 613 1723 695 buum
1752 635 1818 689 ar·

284 714 433 799 bitror,
458 724 501 785 vt
529 706 591 782 illa
606 705 739 783 scilicet
752 757 764 794 ,
792 707 996 808 florensque
1016 705 1204 781 Theoduli
1228 703 1405 797 iuventa,
1432 711 1820 816 cumseoillllgatbo·

284 813 324 914 pi
353 828 456 888 aetate
484 811 518 888 8(
547 805 677 884 canitie
705 803 871 881 vividibs
902 806 1220 897 committeretur3
1249 811 1377 906 paucis
1411 811 1508 889 enim
1540 816 1737 894 interieslis
1767 818 1813 889 in

288 912 389 990 Adlis
406 914 628 1009 legituttllai
649 909 746 985 naim
768 913 820 998 uir
842 914 860 982 o‘
871 913 1067 994 Osismii
1091 914 1131 986 ii
1149 911 1237 987 aim
1261 908 1308 1000 (f.
1322 914 1428 1005 stirp,
1449 913 1488 987 id
1504 915 1556 992 est
1573 919 1677 1013 huic)
1703 953 1809 1011 wate·

280 1020 342 1095 slat
366 1017 558 1110 Ἀγιθιήι,
583 1016 644 1101 irio
669 1011 853 1098 massan,
877 1010 935 1091 lib
959 1043 993 1103 rs
1018 1010 1106 1103 notai
1128 1013 1190 1087 aad
1212 1017 1319 1099 anati
1341 1015 1451 1111 irrina
1477 1040 1488 1064 ·
1514 1022 1677 1118 ’Λμρίημ
1702 1035 1807 1099 καθα,

282 1117 418 1214 pulsae.
444 1114 481 1187 id
508 1110 593 1187 est:
623 1111 670 1186 Et
690 1107 780 1181 tolie
812 1110 960 1212 qnidam
989 1107 1197 1185 Theudalis
1225 1118 1399 1202 (erat),
1425 1111 1657 1221 usgatbopar
1683 1143 1813 1197 autern

282 1242 362 1294 enm
386 1217 449 1292 boo
473 1213 538 1309 (ad
566 1207 802 1312 martyrium)
829 1209 1037 1316 conspirans
1059 1260 1072 1296 ,
1097 1213 1161 1285 nir
1189 1213 1262 1286 ian
1278 1214 1397 1312 senex
1424 1219 1555 1322 eapitis
1581 1224 1720 1295 canitie
1747 1244 1817 1297 ve·

280 1316 482 1395 nerobilit.
510 1315 624 1392 Aniba
643 1312 732 1414 pari
755 1312 829 1387 dec.
853 1311 929 1387 Iam
953 1309 1048 1387 verb
1075 1312 1153 1387 bec
1172 1312 1358 1387 ‘lbeoduli
1385 1340 1468 1390 cum
1486 1319 1689 1418 Agathopo
1709 1346 1816 1398 com·

283 1416 466 1517 paratio,
493 1439 575 1493 tum
605 1409 671 1487 liet
707 1409 848 1510 optime
876 1412 1046 1511 quamvis
1076 1415 1244 1511 priorem
1272 1414 1379 1488 illum
1416 1416 1587 1490 iuvenem
1613 1419 1811 1510 dicamus,

284 1518 370 1594 satis
392 1519 528 1594 indicat
556 1541 629 1593 non
656 1512 705 1587 ita
728 1512 853 1611 presse
879 1513 1063 1614 lanuginis
1088 1517 1244 1590 verbum
1267 1516 1303 1590 in
1320 1516 1517 1593 ‘lbeodnlo
1536 1517 1815 1621 accipiendum,

282 1622 385 1719 quast
409 1621 475 1695 vix
507 1620 594 1693 dum
621 1615 712 1701 ille,
742 1637 821 1710 quo
848 1631 1018 1714 tempore
1056 1617 1275 1719 martyrium
1304 1615 1439 1694 letior
1465 1619 1607 1708 subiit,
1632 1624 1817 1721 puberta-

282 1737 356 1797 tem
384 1720 562 1819 ingressus
589 1714 729 1793 suisset.
754 1714 882 1790 Sensus
907 1715 983 1791 eu:
1010 1717 1172 1794 nondum
1198 1719 1416 1796 Theodulus
1448 1720 1658 1819 lanuginem
1685 1723 1814 1819 omnir

283 1848 335 1898 no
357 1821 598 1920 deposuerat,
624 1816 661 1892 id
688 1814 737 1890 est
752 1814 949 1892 iuvenilem
971 1817 1162 1895 servorem
1188 1821 1497 1923 despumaverat.
1517 1828 1616 1930 Qae
1641 1823 1687 1899 de
1706 1824 1810 1924 prio-

283 1947 325 1997 re
352 1923 431 1996 eiua
460 1921 606 2025 periodi
638 1933 743 2019 parte
767 1917 864 1994 dieta
887 1920 1019 2012 sunto;
1047 1921 1288 2020 posteriorem
1316 1943 1438 2000 autem
1462 1927 1567 2026 quod
1591 1926 1747 2015 attinet,
1772 1924 1812 2000 iu

286 2047 361 2120 qua
389 2023 486 2099 idem
514 2017 851 2097 tractaturum
876 2021 1100 2120 scriptorem
1124 2025 1170 2098 ad
1197 2025 1317 2100 illud:
1340 2048 1467 2145 corpas
1493 2027 1716 2106 hamilitatis
1743 2051 1812 2102 no·

269 2126 361 2227 Jlrae
397 2126 594 2228 (Philipp.
622 2148 658 2222 3.
688 2121 957 2214 21.)allusrlse
988 2122 1170 2201 existimat
1195 2151 1206 2200 a
1238 2126 1543 2203 desaecauffimum
1566 2127 1677 2227 ipsrus
1703 2128 1812 2224 inge-

285 2227 387 2302 nium
415 2224 612 2311 demirari,
637 2223 753 2319 magis
779 2247 892 2318 quam
917 2223 997 2298 eius
1021 2225 1058 2298 in
1085 2227 1152 2304 hac
1179 2245 1284 2328 parte
1307 2229 1520 2304 sententiam
1545 2227 1718 2329 amplesli
1750 2228 1810 2303 su·

285 2328 363 2400 bit:
389 2351 472 2401 nam
498 2349 564 2400 cur
591 2351 666 2399 non
697 2322 823 2419 potius
841 2321 1023 2397 Abiorum
1049 2329 1217 2421 scriptor
1241 2325 1384 2401 adalia
1408 2332 1605 2428 Scripturas
1635 2331 1720 2406 loca
1748 2350 1815 2403 re·

285 2425 477 2524 spexilset,
503 2429 539 2501 in
566 2428 699 2523 quibua
723 2424 872 2518 parvuli
906 2425 1074 2493 iubemur
1100 2427 1217 2509 ellici,
1246 2425 1448 2520 stregnum
1475 2432 1656 2504 eoelorum
1682 2432 1817 2526 ingre·

284 2529 320 2603 di
349 2527 555 2607 volumus?
580 2525 701 2607 Sani,
728 2543 956 2618 quamquam
984 2543 1067 2595 vox
1093 2527 1314 2615 cannaparius
1340 2525 1496 2624 proprie
1520 2529 1635 2602 onimi
1675 2530 1812 2631 demis·

277 2628 430 2728 fiunem,
456 2632 517 2705 seu
543 2628 783 2704 bumilitatem
811 2621 948 2706 sonet,
975 2619 1035 2693 hlc
1063 2636 1184 2697 umen
1211 2621 1273 2696 nist
1301 2648 1380 2700 eam
1408 2648 1477 2726 per
1508 2631 1812 2727 metaphoram,

285 2749 350 2804 aut
376 2729 641 2834 acyrologian,
671 2720 746 2796 alid
775 2724 1069 2822 detorquemus,
1097 2720 1340 2821 incongruam
1367 2726 1480 2805 immo
1507 2728 1697 2809 absurdam
1728 2732 1814 2805 eius

286 2835 478 2909 commatis
506 2831 718 2908 sententiam
757 2828 956 2902 efficiamus
982 2820 1122 2898 necesse
1161 2825 1245 2918 elt;
1273 2826 1377 2929 Qid
1405 2831 1503 2905 enim
1525 2884 1538 2920 ,
1564 2833 1718 2929 queso,
1744 2830 1814 2907 srbi

284 2937 394 3009 vult:
421 2937 492 3014 Vir
550 2935 654 3032 aippe
683 2944 765 3005 erat
795 2924 1001 3004 Theodulttt
1028 2943 1200 3019 recentem
1226 2926 1430 3022 lanuginem
1454 2934 1497 3002 in
1514 2935 1623 3026 genie
1648 2935 1811 3021 labem

286 3052 445 3108 aeteram
474 2962 594 3106 odino
615 3050 708 3130 paen
722 3075 735 3111 ,
761 3028 860 3118 qnod
887 3025 1024 3098 attinet
1046 3021 1098 3094 od
1127 3025 1327 3125 incorrupti
1351 3026 1508 3126 corporis
1537 3026 1813 3115 humilitatem,

277 3132 349 3234 sen
377 3134 489 3210 animi
514 3123 773 3207 obiesiionenti
800 3126 874 3198 Aut
897 3147 975 3220 quo
1004 3121 1228 3199 iurenentir
1260 3123 1409 3198 abieiiio
1435 3127 1589 3226 torpori
1614 3127 1813 3204 tribuitur?

284 3237 365 3310 Hac
389 3257 461 3329 ego
485 3231 531 3303 de
559 3229 663 3304 causa
689 3224 882 3304 crederem
908 3234 940 3303 ai
975 3224 1213 3322 scampina
1237 3245 1285 3300 eo
1308 3275 1321 3311 ,
1346 3224 1392 3298 de
1417 3247 1497 3324 quo
1523 3229 1724 3326 querimus
1751 3229 1814 3306 lo.

286 3361 334 3410 oo
359 3387 370 3419 ,
398 3359 469 3434 pro
495 3335 740 3432 integritate,
764 3342 827 3403 aut
852 3322 1030 3424 virginali
1054 3321 1222 3424 modestia
1247 3376 1260 3413 ,
1287 3325 1325 3400 id
1353 3324 1404 3400 est
1431 3329 1661 3405 verecundia
1688 3381 1700 3418 ,
1729 3353 1810 3430 quo

284 3434 384 3511 sensu
424 3437 558 3512 Cicero
583 3440 602 3522 (
623 3457 652 3507 ι.
683 3434 726 3508 de
761 3428 979 3516 Divinos.)
1009 3423 1251 3522 posteriorem
1287 3429 1380 3502 hanc
1421 3450 1554 3503 vocem
1603 3430 1812 3520 intellexit,
1849 3513 1853 3519 ,

284 3564 358 3614 non
384 3533 539 3613 absurde
567 3533 733 3635 usurpari
762 3529 893 3631 polse3
920 3544 962 3601 vt
990 3526 1066 3600 haec
1104 3529 1146 3604 snt
1171 3529 1251 3602 eiua
1281 3528 1426 3629 periodi
1453 3529 1626 3604 sententia
1655 3557 1666 3606 a
1695 3528 1815 3609 Theo·

286 3638 395 3716 dular
420 3639 574 3741 florente
599 3636 754 3713 inventi
776 3631 955 3730 feruidus
981 3625 1204 3725 versabatur
1230 3631 1376 3729 quiden
1415 3634 1455 3706 in
1492 3634 1611 3706 atatis
1640 3629 1810 3726 lubrieo;

274 3739 345 3840 sed
371 3740 494 3819 adhuc
510 3761 603 3841 puer
631 3756 732 3824 erat,
759 3733 857 3833 qnod
877 3731 928 3807 od
958 3730 1159 3829 incorrupti
1184 3733 1338 3829 corporis
1354 3733 1628 3829 integritatem,
1643 3731 1712 3831 seta
1729 3736 1812 3810 oir-

276 3841 437 3941 ginalen
459 3842 587 3917 valtis
608 3838 847 3938 modestiam,
896 3831 1110 3926 adorentque
1126 3824 1299 3946 spesiot.
1329 3829 1428 3905 Illud
1453 3833 1675 3908 monendum
1706 3832 1811 3908 deni·

285 3947 444 4040 quem*
479 3948 539 4026 laia
577 3953 652 4012 tam
681 3942 717 4012 in
746 3936 848 4011 Theo
877 3935 939 4010 ulo
964 3980 975 4017 ‚
1002 3934 1114 4027 quam
1148 3955 1185 4004 ιιι
1213 3932 1414 4030 Agathopo
1441 3933 1577 4008 nullam
1617 3935 1808 4010 continere

285 4041 495 4216 wihasfin’
520 4036 580 4218 stad
602 4041 816 4216 vtrobr'quqs
828 4059 882 4210 etal
892 4030 1043 4210 sulphuri
1060 4029 1242 4209 ἰάἱοιιίἷιέο
1258 4033 1463 4111 redundare
1482 4088 1493 4113 .
1518 4035 1587 4109 Sed
1611 4036 1689 4112 baec
1703 4030 1813 4139 paul·

366 4168 468 4217 oran
522 4165 543 4215 u
570 4169 603 4217 m
628 4171 653 4218 o
682 4160 781 4218 ortui
811 4155 848 4212 et
885 4164 933 4213 on
963 4160 971 4207 ι
1003 4158 1019 4209 s
1078 4158 1180 4211 rora
1221 4159 1267 4210 a.

388 4168 524 4322 'reug
559 4172 679 4346 (pag
706 4246 766 4324 88,
795 4241 842 4325 &a
857 4164 1008 4336 sepgin
1034 4160 1127 4314 lifol.
1155 4244 1216 4324 c.)
1242 4257 1319 4333 quo
1349 4235 1434 4312 loco
1459 4236 1599 4314 Missale
1629 4235 1811 4316 Gothico·⁴

286 4344 517 4423 Gallicanum
541 4351 563 4419 a
595 4349 687 4421 Ven.
718 4341 833 4422 Card.
858 4336 1057 4414 Thomasro
1090 4332 1250 4434 primum
1276 4335 1413 4412 editum
1437 4365 1510 4414 non
1536 4337 1583 4413 ad
1610 4362 1690 4413 eam
1718 4341 1810 4413 Gal·

288 4446 418 4522 liarum
447 4463 615 4547 partem,
643 4473 724 4546 qure
743 4451 964 4528 Francorum
992 4436 1154 4533 Regibus
1182 4440 1356 4538 parebat,
1380 4455 1425 4514 vt
1451 4440 1534 4514 vult
1562 4442 1624 4518 Cl.
1640 4441 1810 4531 Lesleus,

287 4546 348 4620 sed
371 4550 420 4623 ad
449 4549 611 4645 aliquam
636 4572 684 4626 ex
714 4548 971 4624 Narbonensis
1000 4538 1129 4614 Gallice
1158 4540 1370 4616 Gothorum
1392 4540 1547 4640 imperio
1573 4540 1723 4618 subditae
1739 4544 1807 4620 Ec·

288 4647 402 4724 clesris
435 4648 645 4748 pertinuisse
674 4650 915 4728 dicebamus:
942 4640 1121 4741 estquod
1147 4640 1285 4714 ineius
1316 4640 1370 4715 rei
1397 4639 1714 4722 confirmationem
1741 4644 1809 4717 ad·

138 4770 142 4777 ·
288 4749 373 4824 duci
401 4749 559 4826 vlteriiro
591 4752 720 4851 possit.
751 4757 875 4847 Atque
900 4746 962 4819 ille
989 4743 1137 4844 quidem
1170 4738 1343 4832 Auctor,
1369 4760 1413 4817 vt
1439 4743 1602 4835 vidimus
1627 4794 1639 4826 ,
1664 4769 1711 4822 ex
1736 4745 1810 4818 tri·

289 4849 493 4928 duanarum
535 4854 770 4953 rogationum
803 4870 884 4925 ante
915 4847 1169 4923 Ascensronem
1194 4843 1262 4919 vsu
1290 4895 1303 4933 ,
1330 4867 1440 4943 quem
1472 4846 1508 4921 in
1548 4846 1730 4933 Ecclesia,
1758 4846 1809 4920 ad

288 4977 397 5048 quam
425 4955 564 5031 Missale
604 4950 1042 5031 Gothico-Gallicanum
1070 4947 1280 5050 pertinuit,
1306 4964 1526 5023 nouantem
1562 4948 1598 5021 in
1624 4948 1807 5049 Hispaniae

286 5053 458 5170 scelestis
488 5056 683 5135 obtinuisse
713 5071 875 5136 noverat
900 5081 914 5146 ς
941 5068 1052 5152 atque
1092 5075 1139 5133 ex
1174 5045 1501 5140 aeclesiasticorum
1534 5049 1672 5129 rituum
1702 5076 1809 5128 com·

301 5187 307 5197 ’
1724 5175 1807 5229 mu·
