4184 5904
66 557 73 564 .
125 476 245 574 noe,
272 481 342 577 aut
367 475 444 562 allai
471 472 523 560 de
546 479 690 582 causi,
719 499 835 592 quarn
863 469 1047 557 divinare
1080 467 1193 560 facile
1223 475 1382 564 nonest
1410 532 1425 580 ,
1458 483 1639 594 impube·

127 620 207 679 rem
239 587 465 706 (fingamus
491 591 823 702 duodecennem)
856 587 1005 687 filiam,
1026 587 1074 673 ad
1097 591 1253 703 pietatis
1281 590 1411 683 officia
1444 596 1640 710 suapte„

127 709 291 822 ingenio
322 707 597 822 paratissimum
635 720 719 799 eius
756 706 877 795 cultui
905 701 1141 807 dedicisse,
1188 729 1235 795 vt
1263 713 1398 798 Romae
1441 714 1490 800 ad
1520 717 1638 802 Sacra

126 826 275 914 scilicet
306 821 420 936 ipsrus
451 823 599 937 lipsana
618 825 836 913 ministerio
854 820 1001 911 Altaris
1024 821 1267 930 inserviens,
1305 826 1493 943 cleroque
1525 859 1640 914 man-

130 940 321 1055 cipandus
347 935 653 1029 Ecclefrallicum
689 943 854 1028 stadium
898 944 1103 1027 inchoaret
1126 944 1453 1058 conficeretque.
1494 944 1639 1033 Nullus

86 1089 89 1095 ·
127 1062 206 1148 iam
233 1082 317 1145 tum
345 1055 414 1143 sub
437 1056 707 1147 Constantino
733 1059 1049 1173 persecutionum
1077 1079 1239 1144 metus:
1268 1060 1436 1148 Ecclesia
1463 1068 1639 1151 triennio

132 1175 227 1264 ante
254 1202 393 1289 pacem
420 1169 563 1290 adepta
595 1206 750 1266 novam.
768 1173 905 1263 faciem
946 1173 1129 1263 induerat
1159 1206 1170 1262 ε
1213 1197 1299 1262 tuta
1324 1180 1495 1294 denique
1526 1197 1639 1265 erant

136 1291 424 1405 tranquillaque
448 1297 613 1380 omnia.
647 1302 776 1382 Porro
800 1291 986 1405 Hispania
1012 1292 1385 1406 parebatrtomants
1410 1347 1424 1394 ,
1453 1297 1643 1408 eoque..-

136 1409 432 1511 Proconsules,
460 1411 748 1524 Imperatores,
767 1411 991 1526 Legiones,
1022 1410 1285 1523 militarisque
1301 1417 1342 1495 in
1370 1413 1452 1496 dies
1470 1409 1642 1522 praesrdie

146 1526 435 1626 mittebantur,
464 1531 636 1642 indeque
674 1528 863 1626 redona,
899 1522 951 1612 ne
979 1551 1050 1637 per
1076 1525 1203 1612 otium
1232 1525 1467 1640 torpesceret
1496 1526 1640 1630 miles,

129 1643 301 1728 Romam
319 1641 491 1757 denique
517 1642 709 1733 confectis
729 1641 932 1757 stipendiis
961 1644 1251 1758 remigrabaot.
1285 1647 1408 1732 Erant
1423 1649 1491 1760 qui
1511 1643 1642 1728 hono·
1728 1644 1732 1653 ’

131 1761 235 1844 ribus
250 1757 423 1844 defuncti
439 1761 488 1847 ad
505 1771 666 1878 propria
692 1763 898 1862 redirent,
913 1779 1053 1870 practer
1080 1786 1258 1875 eosquos
1287 1760 1514 1848 divitiarum
1531 1778 1640 1846 antor
1767 1770 1771 1778 ’

129 1874 170 1957 iu
203 1875 528 1987 opulentiffimam
558 1883 761 1994 regionem
795 1874 1049 1989 impulerat3
1096 1897 1140 1960 vt
1175 1874 1343 1986 proinde
1371 1877 1410 1959 in
1443 1895 1552 1961 tanta
1582 1872 1642 1959 vl·

128 2007 194 2075 tro
222 1992 404 2102 citroque
441 2000 753 2085 commeantium
786 1994 1012 2107 frequentia
1039 1990 1230 2079 credibile
1266 1989 1313 2077 fit
1358 1989 1642 2079 inveniendum

128 2100 216 2190 fore
246 2136 295 2191 ex
325 2115 498 2210 amicis,
529 2112 634 2198 forte
664 2122 782 2197 etiam
814 2138 863 2194 ex
894 2101 1152 2209 necessariis,
1182 2114 1246 2193 cui
1276 2105 1429 2193 Darnafi
1462 2128 1642 2221 parentes

129 2222 218 2310 turb
256 2246 377 2333 atque
407 2227 567 2313 honeste
601 2252 763 2337 puerum
789 2228 958 2309 Romam
994 2218 1364 2338 asportandum,&
1395 2230 1436 2311 in
1465 2227 1645 2310 Lauren·

133 2338 240 2424 tiand
267 2339 426 2427 Basilici
458 2342 733 2431 collocandum
760 2337 1071 2426 concrederent.

245 2456 295 2540 ld
323 2456 419 2541 mibi
451 2463 564 2547 tantb
597 2458 854 2546 verosimilius
884 2458 1074 2558 videtur,
1103 2461 1255 2567 quantb
1284 2484 1363 2542 oon
1385 2456 1503 2568 longe
1521 2459 1570 2542 ab
1599 2454 1645 2547 iis

135 2573 411 2679 temporibus,
441 2577 604 2679 ipsique
633 2572 798 2654 fortassis
824 2569 978 2651 Damasi
1007 2591 1151 2667 aetate,
1183 2568 1385 2654 illustrium
1406 2600 1474 2681 per
1496 2568 1577 2654 His
1573 2599 1644 2681 pa-

133 2686 241 2768 niam
280 2689 457 2765 virorum
488 2682 633 2769 liberos
661 2680 883 2765 Clarilfimo
905 2682 1058 2766 Christi
1083 2682 1259 2792 Martyri
1291 2691 1473 2771 votivum
1505 2711 1646 2771 munus

133 2796 268 2881 offerri
290 2793 424 2877 solitos
456 2791 603 2900 fuisse,
637 2797 718 2907 ipse
737 2823 810 2878 nos
830 2794 1071 2896 Prudentii,
1100 2827 1215 2906 quem
1246 2802 1367 2884 modb
1385 2797 1646 2900 laudavimus,

134 2915 305 3022 hymnus
336 2907 488 2993 abunde
526 2911 685 2997 docet.
728 2905 938 3019 Pollquam
967 2913 1113 2992 etenim
1139 2912 1267 2994 Poeta
1300 2915 1415 3000 Sacer
1444 2919 1645 3001 Laurentii

137 3026 345 3145 passionem
370 3026 649 3133 elegantiffirni:
677 3022 908 3136 descripsit,
936 3019 1179 3110 indicaturus
1209 3048 1401 3135 quantum
1431 3056 1479 3114 ex
1497 3058 1543 3116 ea
1558 3033 1649 3142 glo·

134 3147 200 3233 ria
217 3142 478 3244 Christianis,
503 3144 686 3229 Etlrnicis
716 3145 810 3226 verb
830 3137 1033 3225 dedecoris
1058 3135 1292 3244 accessisset,
1320 3141 1474 3231 deserta
1494 3142 1648 3256 prorsus

36 3319 72 3335 ·.
133 3268 269 3375 inquit
284 3260 459 3344 Deorum
486 3258 664 3370 templa,
695 3282 778 3340 tum
801 3253 1235 3356 Flamines,Vellales,
1264 3262 1449 3372 Augures
1473 3265 1512 3347 8(
1537 3271 1651 3377 quic·
1743 3252 1746 3257 ’

133 3377 233 3490 quid
269 3381 310 3456 in
337 3374 450 3460 Vrbe
485 3370 884 3488 superstitiolilfrmum
914 3394 1030 3470 erat,
1060 3373 1289 3457 Sanctorum
1318 3375 1462 3463 exinde
1488 3380 1651 3489 Marty-

136 3522 254 3591 rum,
279 3485 471 3604 ipfiusque
489 3492 695 3578 Laurentii
725 3489 862 3575 limina
895 3485 1060 3575 invisere
1093 3505 1211 3598 atque
1245 3490 1458 3576 exosculari
1485 3494 1649 3577 minime

136 3608 402 3717 dedignatos,
432 3636 504 3693 nec
521 3613 708 3694 Parentes
738 3605 937 3722 sanguinis
958 3602 1017 3690 sui
1043 3610 1243 3714 parciores
1270 3599 1649 3718 suisse,quominus

146 3726 291 3812 liberos
319 3723 547 3812 Sandissrmi
564 3725 759 3837 Martyris
788 3721 982 3840 obsequio
1007 3719 1240 3817 dedicarent
1264 3723 1645 3845 consecrarentque.

146 3841 322 3931 Sillinrus⁴
348 3842 556 3935 Prudentii
590 3840 720 3926 locum
750 3843 843 4072 (f).

496 3960 671 4052 Videmus
701 3962 777 4046 illu
810 3984 870 4042 rer
899 3959 1023 4044 domos

549 4084 656 4165 Saxa
684 4103 733 4164 ea·
764 4097 930 4185 veroque
956 4072 1098 4162 nobiles

547 4190 697 4311 Offerre
726 4197 822 4282 notis
844 4197 1012 4309 pignora

546 4308 857 4432 Charifflmoram
885 4311 1052 4399 libandin
1070 4322 1084 4393 .“
1215 4330 1216 4334 ‘
1630 4423 1633 4427 Ι

143 4428 204 4516 Ex
229 4429 354 4518 verbo
380 4436 513 4518 aulem
539 4431 711 4520 videmus
737 4486 752 4535 ,
784 4431 822 4512 bc
851 4425 962 4535 quod
991 4422 1084 4512 aliis
1110 4425 1299 4537 hymnum
1324 4426 1375 4517 de
1406 4455 1486 4541 quo
1513 4428 1651 4542 loqui-

144 4574 233 4632 mur
259 4552 301 4629 in
331 4546 517 4662 Hispania
542 4545 799 4656 compositum
828 4535 939 4630 fuisse
968 4540 1147 4630 constet:
1178 4543 1322 4657 quidni
1345 4554 1511 4633 tractum
1535 4542 1651 4631 illurn

145 4664 194 4750 ab
219 4671 394 4752 Auctore
420 4664 466 4751 ad
485 4660 691 4750 Damasum
712 4662 869 4863 1qquem
896 4663 1044 4748 recenti
1073 4663 1232 4750 Petrum
1260 4663 1448 4752 memorii
1475 4661 1654 4751 Lauren·

146 4787 209 4867 tio
238 4781 260 4866 al
287 4807 414 4895 puero
442 4783 620 4871 dicatum
650 4780 709 4871 fui
742 4808 764 4869 e
793 4779 901 4869 sorte
929 4782 1137 4983 nlqverat)
1167 4780 1335 4872 relatum
1363 4771 1628 4976 suspicemgt?

457 4934 464 4948 ·
767 4918 770 4925 “
1015 4919 1038 4980 a
1583 4918 1659 4978 on·

191 5051 250 5139 (a)
271 5060 390 5147 sputo
407 5054 452 5126 Il·
474 5052 512 5121 de
528 5053 624 5159 Bruta
648 5055 742 5129 Lava.
757 5054 872 5144 stropb.
897 5045 932 5122 C·
955 5047 1071 5121 XXXI·
