4184 5904
447 522 520 612 bus
548 516 693 607 fruetus
730 507 924 596 eonllaret
968 504 1227 624 uliquis.1d
1261 510 1403 629 quibus
1439 503 1568 591 modis
1606 503 1826 622 assequerer
1866 537 1960 597 me*

448 629 630 732 direnti,
660 625 909 715 succurrebat
933 652 1016 710 non
1044 633 1100 714 ita
1126 628 1284 742 pridem
1311 616 1557 715 iFrancisco
1583 626 1837 713 Emmanuele
1856 629 1956 712 Me-

450 783 502 843 na
528 743 749 836 Matritensr
778 739 1008 857 Bibliopolas·
1034 770 1186 835 novam.
1215 744 1286 830 Cl..
1308 741 1465 852 Nicolai
1495 743 1663 832 Antonii
1691 743 1954 830 Bibliothecae

449 864 673 980 Hispanico
696 859 923 948 editionem
943 857 1160 967 adornari,
1183 865 1366 978 plurimis¹
1386 863 1608 950 studiorum
1634 882 1756 976 etque
1768 865 1952 974 Operum

450 983 695 1074 ineditorum
718 974 989 1066 accessionibus
1019 975 1392 1093 locupletiffimam3·
1421 1005 1586 1097 quaque
1613 1000 1657 1073 vt
1676 979 1853 1067 omnium
1875 1003 1952 1063 vo-

452 1108 507 1189 ris
530 1095 820 1213 responderet,
850 1093 1102 1201 invitatorius
1128 1100 1179 1185 ab
1201 1098 1343 1188 cnd'em
1367 1094 1417 1183 ad
1441 1097 1595 1183 Doctos
1621 1102 1691 1212 pe‘r
1716 1095 1951 1210 Hispaniam

449 1220 577 1305 ..Viros
597 1216 745 1304 litteras
769 1202 1054 1319 suillas-fuisse,
1085 1233 1268 1331 rogatum
1279 1237 1324 1304 vt
1349 1232 1470 1303 tantae
1494 1218 1551 1300 rei
1574 1209 1955 1330 perficiendaesym

454 1334 584 1424 bolam
611 1325 781 1446 quisque.
805 1355 885 1443 pro
904 1326 1010 1418 virili
1034 1332 1239 1422 conferret
1262 1331 1369 1421 suam
1394 1394 1406 1414 .
1447 1330 1505 1418 Ea
1530 1337 1625 1422 veri)
1651 1335 1718 1422 vbi
1744 1329 1950 1446 primum..

390 1478 408 1494 ·’
453 1452 628 1538 animum
648 1445 813 1562 pervafit
839 1440 1067 1559 cogitatio,
1092 1452 1195 1541 nihr
1217 1452 1320 1539 vitrei
1335 1444 1387 1537 de
1414 1446 1666 1563 exsequendo
1690 1447 1853 1534 confilio
1875 1448 1951 1532 de-

349 1583 352 1591 “
452 1567 701 1656 liberandum
711 1561 873 1651 censui..
899 1566 1117 1676 Sperabam
1126 1574 1297 1671 etenim,
1319 1562 1439 1683 'qubd
1452 1561 1829 1655 litterarii'rhesauri
1848 1590 1951 1649 nun·

452 1715 570 1800 quam
599 1685 761 1795 penitus·
782 1684 1107 1788 exhauriantur,
1137 1689 1201 1775 vel
1226 1689 1312 1800 post
1339 1684 1514 1770 lustratas
1541 1687 1596 1774 ab·
1619 1678 1879 1771 oculatissrmo
1904 1708 1951 1766 ac

337 1888 341 1894 ,
451 1801 749 1916 diligentiffimo
774 1802 949 1884 Auctore
980 1801 1103 1886 Vrbis
1140 1803 1402 1888 bibliothecas
1433 1802 1750 1915 vberrimamque
1791 1791 1950 1883 messem

449 1915 586 2006 sadlam
601 1972 621 2019 ,.
646 1943 727 2032 nou
744 1910 1024 2027 poenitendum
1050 1917 1164 2004 nobis
1191 1915 1390 2029 superfore
1418 1914 1689 2032 spicilegium.
1723 1920 1862 2028 Neque
1878 1941 1953 1998 ve-

450 2037 500 2121 rb
523 2061 585 2122 nte
611 2026 747 2120 fefellit
768 2048 957 2118 eventus.
989 2029 1102 2116 Fasti
1126 2040 1275 2121 etenim
1296 2035 1395 2121 mihi
1415 2035 1642 2149 principem
1667 2032 1847 2118 omnium
1865 2031 1953 2115 Va-

399 2186 411 2195 ·
451 2159 624 2238 ίῑςεηαιη
644 2144 820 2234 adeundi
844 2147 967 2258 cupii.
985 2150 1355 2266 Munuscriptorum
1375 2150 1539 2239 Indices
1565 2150 1757 2243 evolvere
1780 2142 1955 2257 diligen-

452 2265 599 2354 tisfimiz
621 2267 761 2378 coepi,
783 2266 822 2347 ὃ(
848 2293 1103 2380 quecumque
1127 2275 1171 2353 in
1195 2272 1254 2354 eis
1282 2270 1348 2356 vel
1366 2271 1548 2353 Auctoris
1576 2268 1734 2352 nomine
1767 2261 1830 2350 vel
1845 2262 1956 2377 Ope«

452 2385 513 2468 ris
542 2404 779 2498 argumento
808 2387 974 2494 patriam
1039 2412 1182 2498 uoquo·
1207 2383 1329 2472 modo
1365 2380 1654 2472 bibliothecam
1680 2385 1809 2470 ditare
1845 2373 1953 2497 posse

451 2501 695 2599 arbitrabar,
726 2503 765 2582 in
790 2495 990 2587 deletitiar
1008 2415 1170 2588 ichedas
1193 2502 1336 2590 cursrm
1361 2528 1435 2614 pro
1462 2518 1671 2614 tempore,
1700 2498 1953 2612 nulloque,

451 2615 636 2702 adhibito
659 2612 818 2699 delectu
849 2612 1105 2716 referebam,
1135 2619 1244 2704 domi
1270 2646 1363 2701 mox
1396 2641 1467 2725 per
1502 2623 1636 2699 otium
1661 2642 1750 2700 cum
1782 2616 1900 2702 editis
1927 2614 1952 2701 d

451 2729 621 2818 Nicolao
636 2735 814 2817 Antonio
828 2729 1102 2824 conferendar
1126 2734 1387 2822 Absolveram
1414 2726 1605 2816 trimestri·
1629 2727 1713 2814 seri
1734 2727 1860 2841 spatio
1873 2737 1953 2817 Pa-

451 2845 613 2938 latinam
640 2901 656 2944 a
685 2846 1039 2940 Vrbinatensem,
1073 2848 1111 2924 δι
1143 2871 1229 2927 eam
1258 2869 1344 2956 quc
1369 2838 1473 2928 olim
1498 2841 1552 2927 ad
1580 2845 1818 2934 Chrisiinam
1846 2850 1951 2936 Sve-

452 2992 595 3048 corumv
620 2960 817 3071 Reginam·
852 2959 1089 3067 pertinuit,
1136 2977 1288 3046 ternam
1319 2955 1467 3044 scilicet
1504 2959 1753 3050 accessionem
1785 2962 1952 3053 Vatica-

451 3105 508 3163 nae
534 3074 783 3162 Bibliotheca*
809 3069 1080 3163 nobilissimam
1103 3098 1129 3188 3⁴
1150 3102 1280 3188 neque
1311 3070 1395 3159 dies
1422 3072 1523 3158 abiit
1553 3106 1636 3190 quo
1658 3077 1953 3194 Manuscripto-

450 3222 541 3298 rum
569 3222 658 3279 cum
684 3185 804 3277 editis
828 3184 989 3278 collatio
1014 3217 1095 3276 non
1126 3219 1189 3279 me
1212 3186 1402 3278 redderet
1427 3220 1535 3279 novo
1550 3195 1726 3287 Auctore
1754 3203 1952 3311 autOpee

451 3340 496 3398 re
520 3312 688 3395 invento
712 3303 1012 3423 locupletiorem
1039 3371 1050 3393 .
1083 3307 1265 3396 Ventum
1288 3326 1372 3397 erat
1397 3306 1444 3396 td
1474 3310 1596 3423 ipsam
1632 3317 1859 3422 primariam
1881 3321 1953 3403 Bi-

451 3424 713 3527 bliotliecam,
743 3453 823 3538 quo
840 3447 1019 3538 tempore
1036 3425 1182 3541 Angeli
1198 3428 1332 3517 Maria·
1346 3425 1576 3517 cardinalis
1589 3427 1757 3545 Qirini
1779 3431 1818 3512 S.
1836 3432 1887 3516 R
1900 3435 1948 3521 E.

451 3542 747 3630 bibliothecarii
771 3545 885 3630 bonis
903 3540 1085 3631 deflenda
1107 3548 1290 3626 omnibus
1320 3538 1419 3626 nulli
1445 3560 1582 3632 tamen
1607 3546 1727 3656 quim
1759 3548 1853 3632 mihi
1878 3549 1952 3636 lle-

452 3661 570 3748 bilior
602 3659 811 3744 intercessu
839 3681 945 3740 mors
967 3716 984 3737 ,
1010 3657 1288 3741 Convenerunt
1315 3652 1453 3735 Brixia:
1491 3658 1531 3739 in
1562 3660 1725 3744 tranfitu
1751 3667 1950 3750 meovi·

451 3806 537 3865 rum
566 3777 720 3887 pietate
755 3769 945 3883 infignem
972 3765 1297 3886 demerendisque
1325 3763 1475 3865 litteris
1498 3789 1665 3876 natum,
1695 3775 1717 3858 it
1748 3803 1863 3890 quo,
1892 3782 1949 3867 ob

449 3896 636 3979 iniectam
660 3888 683 3972 i
707 3888 777 3972 ct
800 3885 1018 3974 balthasare
1044 3883 1258 3976 Oltrochio
1282 3885 1572 3976 Mediolanensr
1593 3890 1860 4004 Ambrosianae
1877 3901 1950 3989 Bi:

452 4006 660 4095 bliothecae
694 4002 884 4092 Praefedto
909 3999 1038 4092 nescio
1064 4034 1180 4120 quam
1206 4005 1258 4095 de
1294 4001 1433 4091 studiis
1470 4005 1608 4095 nolitis
1637 4014 1948 4112 mentionem,

349 4145 353 4151 '
450 4124 597 4212 nedum
623 4126 920 4233 perhumaniter
954 4143 1135 4233 exceptus
1165 4120 1224 4207 fui
1253 4121 1468 4236 sepiusque
1508 4122 1558 4208 ad
1591 4116 1779 4214 familiare
1815 4129 1949 4216 collo·

373 4292 379 4299 ·
452 4246 598 4355 quium
622 4243 848 4338 invitatus,
874 4233 972 4335 sed,
1000 4263 1084 4349 quar
1110 4261 1191 4322 non
1219 4243 1401 4326 omnium
1425 4240 1619 4353 postrema
1644 4250 1787 4331 amoris
1822 4246 1948 4358 srgni·

451 4359 593 4447 ficatio
615 4354 707 4453 esi,
733 4383 803 4442 nec
830 4352 1043 4440 indonatus
1063 4351 1238 4442 discessi.
1271 4355 1431 4459 Multa,
1455 4385 1549 4443 cum
1563 4366 1720 4446 nostem
1739 4362 1944 4449 interdum

348 4520 353 4526 ·
454 4477 568 4564 vario
592 4471 772 4561 sermone
800 4474 1071 4574 traheremur,
1100 4470 1325 4581 grandevus
1351 4475 1549 4587 rogitabat
1568 4474 1686 4562 senex
1712 4472 1764 4562 de
1793 4476 1945 4565 studio·

450 4618 543 4678 rum
574 4588 708 4703 deque
745 4592 901 4679 itineris
926 4587 1049 4674 nosiri
1073 4591 1228 4677 ratione
1257 4618 1273 4675 t·
1311 4595 1534 4680 iacerenme
1563 4620 1614 4678 an
1640 4591 1683 4677 in
1719 4601 1851 4705 pretio
1880 4590 1944 4680 e's-

451 4697 537 4796 sent
562 4704 665 4819 apud
693 4703 1077 4822 Hispanoslitterae3
1109 4705 1324 4821 plurimum
1348 4707 1400 4793 de
1426 4709 1653 4796 nollratium
1683 4715 1852 4823 ingeniis
1867 4716 1947 4797 mi·

451 4827 563 4912 nirn'e
587 4877 604 4926 ,
632 4821 693 4912 vti
720 4827 890 4926 aiebat,
919 4823 1146 4937 vulgaribus
1173 4818 1338 4912 subinde
1362 4815 1579 4926 drllerens,
1609 4827 1946 4944 neminemque„

448 4967 590 5033 corum
619 4969 718 5057 quos
741 4941 838 5034 olim
868 4945 1005 5032 Rome
1022 4963 1212 5046 noverat,
1241 4943 1458 5058 quorumve
1483 4941 1634 5059 legerat
1659 4943 1837 5081 scripta,
1860 4949 1947 5082 Det

1804 5079 1824 5110 ⁶
1859 5088 1947 5150 cam
