4184 5904
433 280 510 403 da

432 503 587 627 ginquo
605 492 772 584 advena
794 483 982 596 suerint}
1011 487 1170 582 summo
1190 493 1274 579 haee
1298 489 1502 610 plan'eque:
1519 493 1640 607 regio
1664 495 1800 609 potiris
1824 496 1947 609 quim

378 706 381 711 ,
431 617 588 729 uulgari
613 612 772 722 sumptu
802 608 1025 724 voluptatis.
1047 612 1303 700 irritamenta
1333 617 1663 723 comparaveris.
1688 613 1728 695 Si
1759 616 1845 727 quis
1867 641 1946 700 au·

430 754 514 823 tem
543 759 588 819 ea
615 754 695 813 non
725 720 832 814 illico
858 732 1126 817 internoverit
1156 782 1177 829 s
1215 725 1454 813 rusticanum
1482 726 1609 812 aede.
1645 724 1763 840 plebe·
1797 727 1945 815 stoma·

432 854 551 938 chum
586 856 764 932 vocant.
796 843 957 933 Interea
981 864 1114 931 tamen
1149 843 1213 930 his.
1232 842 1426 955 'praesrdiis
1448 845 1721 929 confirmatam·
1746 840 1945 931 valetudi-

432 996 524 1055 nem
552 957 689 1047 sensror.
712 960 751 1041 iu
780 966 897 1070 peius
919 982 1063 1063 ruere3
1093 987 1244 1073 proque
1272 958 1462 1047 diuturno
1489 989 1532 1046 ac
1561 960 1704 1047 vivido
1727 960 1848 1046 atatis
1876 987 1952 1047 ro·

329 1170 332 1176 .
432 1087 529 1174 bore
557 1131 577 1180 ,‚
614 1073 780 1160 maciem
810 1082 851 1161 in
882 1074 968 1160 dies
992 1101 1222 1196 nouamque
1244 1073 1414 1163 febrium
1448 1078 1660 1165 cohortem.
1686 1081 1799 1165 tetris
1827 1080 1952 1164 ineu-2

435 1202 529 1293 bare
553 1198 747 1283 cernimus
766 1250 784 1277 a
1555 1276 1565 1287 ,
1899 1272 1902 1277 .

420 1344 426 1355 ·
554 1312 641 1394 Nec
669 1303 845 1421 sumptris
871 1310 1064 1399 laborisve
1090 1320 1251 1425 parcior
1273 1312 1507 1423 Sapi‘entum
1531 1330 1658 1401 coetus
1683 1315 1737 1401 eli
1763 1327 1810 1396 vt
1837 1310 1955 1397 litte·-

435 1438 557 1521 rarias
589 1426 661 1509 sabi
684 1425 809 1537 dapes.
832 1426 1026 1539 Apparet,
1055 1458 1117 1513 eas
1143 1432 1246 1519 vero
1268 1427 1441 1512 maxime
1465 1435 1581 1540 queis
1611 1458 1713 1547 ager
1737 1427 1951 1540 iacensque

435 1549 659 1657 vrrlgariurn
690 1537 925 1648 scriptorum.
952 1544 1068 1654 copiti
1100 1548 1230 1661 gustus
1263 1544 1577 1660 erigitur-atque
1601 1549 1839 1633 excitatur..
1865 1546 1950 1626 Ni·

434 1663 493 1750 hil
517 1659 595 1745 aevi
621 1655 917 1744 nostriCriticis
948 1666 1218 1747 intentatum.
1251 1662 1391 1748 Vbivis
1421 1664 1644 1750 Deciorum
1671 1662 1849 1763 scrinia,
1878 1660 1947 1741 Bi-

436 1776 682 1872 bliothecas,
721 1794 853 1862 vetera
882 1778 1088 1861 Sacrarum
1112 1780 1249 1864 aedium
1279 1778 1645 1889 chartophylacia,
1687 1801 1813 1891 atque
1834 1783 1945 1860 ima„

437 1912 600 2007 quaque
623 1887 744 1994 adyta
769 1889 1010 2002 penitiss'amie·
1039 1896 1275 2010 introspiciz.
1303 1899 1425 1979 maria
1454 1893 1659 2012 terrasque
1679 1897 1864 2004 improbo·
1885 1890 1952 1976 la-

436 2013 534 2099 bore
554 1996 765 2115 &srrmptu
799 2006 1137 2115 circumlulirari',
1165 2013 1360 2126 aliudque
1376 2010 1454 2095 alib
1484 2009 1583 2099 ferri
1608 2046 1658 2101 ac
1684 2010 1840 2096 misceri·
1862 2036 1952 2091 om-

438 2135 502 2212 nia
522 2117 683 2211 videas.
711 2124 808 2205 Non
836 2124 974 2210 blattas
991 2185 1009 2230 ,.
1038 2158 1118 2213 oon
1150 2137 1280 2216 tineas:
1301 2124 1448 2215 aliosve
1478 2129 1523 2211 id¹
1534 2162 1657 2243 genus
1686 2127 1956 2240 dedignamur

435 2242 592 2336 nones,
621 2237 855 2347 quibuscum
882 2241 1101 2351 Andabatae
1131 2255 1229 2334 novi
1260 2244 1517 2357 confligamus
1542 2271 1562 2348 3.
1589 2278 1658 2331 nec
1681 2244 1841 2329 latebris
1870 2249 1948 2326 iarn

437 2348 733 2448 abdiriffimisve
760 2361 914 2467 angulis.
936 2379 1068 2444 tutum
1086 2361 1125 2445 fe
1143 2362 1329 2448 adversus
1356 2363 1426 2471 aeui
1456 2365 1573 2444 noliri
1607 2362 1862 2472 sagacitatem
1888 2351 1952 2440 fo·

437 2504 486 2561 re.
517 2467 715 2568 confidit,
746 2467 776 2552 fr
804 2472 916 2582 quod
941 2476 985 2557 in
1007 2482 1061 2559 eis
1081 2529 1100 2575 ,.
1125 2477 1282 2561 exesum
1312 2473 1405 2559 licet
1432 2504 1475 2558 ac
1504 2474 1802 2573 semilacerum,
1832 2482 1957 2558 etiam

439 2619 534 2677 num
564 2583 663 2672 latet
686 2591 917 2675 venerandae
939 2594 1206 2703 Antiquitatis
1223 2614 1528 2675 monumentum
1545 2649 1562 2674 ..
1589 2597 1746 2677 Interea
1766 2593 1860 2677 veri)
1887 2604 1952 2675 tot

431 2727 623 2794 ueterum
647 2701 851 2789 Codicum
885 2706 1103 2792 accessione
1136 2735 1224 2793 rem.
1248 2704 1488 2793 litterariam.
1512 2737 1592 2796 non
1625 2707 1832 2808 mirifice,
1877 2732 1956 2788 nec

439 2851 515 2937 pro
531 2818 658 2905 modo
668 2818 807 2909 laboris
825 2838 943 2934 atque
963 2819 1226 2935 impensarum·
1236 2829 1384 2909 aunam
1395 2855 1417 2928 33
1444 2831 1600 2927 pietatis
1627 2847 1756 2905 autern
1784 2825 1959 2904 studium·

439 2930 572 3027 forsan.
595 2937 811 3044 refriguisse
835 2934 975 3022 scimus
991 2966 1009 3023 :.
1037 2939 1199 3049 prorsus.
1220 2954 1263 3023 rt
1281 2932 1473 3019 libuereri
1502 2941 1589 3044 quis
1620 2934 1762 3043 polilt,
1794 2964 1840 3017 an
1862 2961 1947 3018 non

441 3082 521 3168 prae.
542 3051 668 3141 nimiai
690 3056 1097 3164 Hyper-Criticorum
1121 3055 1243 3140 atatis
1275 3049 1419 3145 nostra·
1439 3048 1633 3160 sapientia¹
1658 3104 1673 3149 ,
1705 3045 1824 3162 prisca
1850 3049 1958 3139 illa,

441 3177 635 3260 Veterum
666 3167 941 3286 fraudibusque
957 3188 1191 3287 opportuna
1214 3166 1443 3284 simplicitas.
1458 3168 1668 3284 aliquando
1692 3167 1857 3254 tandem.
1881 3196 1960 3282 op-

440 3290 610 3379 tabilior·
632 3286 711 3374 srt„
1521 3324 1525 3335 ·
1769 3368 1789 3375 ..

517 3440 520 3445 ·
559 3406 717 3491 Verum
740 3405 1099 3495 commendabilem
1125 3465 1138 3515 ,
1163 3400 1339 3518 inquis,
1362 3418 1596 3517 temporum
1623 3406 1851 3490 oollrorum.
1874 3400 1958 3490 sol--

435 3521 631 3620 leniam,
660 3523 945 3638 honestamque
968 3521 1161 3618 doetrinae·
1187 3543 1317 3637 atque·
1340 3526 1499 3636 ingenii
1524 3551 1652 3633 opum.
1679 3528 1953 3607 avaritiam...

439 3643 583 3754 Neque
614 3640 660 3725 id
681 3642 947 3728 abnuentibus.
971 3640 1113 3740 nobis,
1143 3642 1173 3725 sr
1201 3658 1337 3724 tamen·
1367 3649 1404 3722 ei
1439 3638 1566 3723 studio
1595 3638 1754 3725 modum
1783 3639 1921 3724 statuas
1936 3664 1954 3722 :s

435 3787 530 3845 nam
561 3757 657 3841 uitia
685 3756 1080 3869 proximi-virtutem.
1107 3760 1221 3841 sunt.
1254 3756 1324 3838 An·
1348 3780 1483 3867 ergo-‚¹
1509 3756 1620 3865 quod}
1648 3755 1866 3868 utrobique
1883 3771 1952 3841 aue

444 3901 580 3963 manus
610 3871 810 3987 impigre,
841 3890 910 3959 a'ut·
938 3877 1086 3959 animus
1112 3867 1323 3986 splendide·
1341 3889 1595 3959 exerceantur
1621 3926 1643 3972 ,.
1669 3869 1865 3959 malarum·
1890 3878 1951 3957 ic·

440 3999 557 4078 circo
582 4014 718 4076 rerum
738 3988 978 4095 aud'aciamq
1004 3986 1327 4091 fortitudinem.
1349 3987 1482 4075 aliena·
1509 3986 1644 4099 largiri
1671 3985 1956 4075 liberalitatem:

441 4104 589 4195 dixeris
601 4109 619 4191 l.
649 4105 816 4195 Diversa
834 4112 914 4195 hac
934 4109 1021 4194 sunt
1037 4172 1055 4195 ..
1075 4114 1229 4217 Neque·
1247 4104 1544 4218 ambigolong‘e·
1567 4108 1801 4208 mammam,
1835 4131 1951 4219 quam

439 4221 545 4309 olirn.
568 4219 686 4307 fuerit
712 4278 727 4326 ,
760 4225 825 4306 lris¹
847 4223 1096 4332 temporibus.
1114 4221 1194 4311 esse.
1220 4220 1414 4310 doctrinae·
1435 4220 1705 4304 &librorum
1729 4220 1917 4308 melienm
1935 4251 1959 4330 3¹

442 4336 586 4426 uerum
610 4334 680 4421 vbi
715 4342 830 4423 eain
861 4338 1006 4423 horrea<
1034 4336 1262 4440 litteraria,
1296 4338 1421 4424 idest
1453 4341 1492 4421 in
1517 4335 1824 4436 Bibliothecae,
1853 4364 1953 4449 pur·

440 4450 575 4571 ganda
592 4450 824 4553 coniicitur,
854 4453 1006 4540 nedum
1021 4480 1168 4544 avenas.
1186 4454 1355 4552 steriles,
1385 4450 1457 4539 sed.
1479 4458 1521 4539 δι’
1546 4449 1688 4536 infelix.
1715 4452 1952 4539 loliumtri·

445 4576 534 4658 ti'co·
552 4562 781 4656 succrevisse
808 4578 1112 4683 cornperimus-,.
1134 4577 1232 4660 dum
1266 4570 1526 4679 Scriptorum·
1548 4562 1759 4680 plerosque
1791 4576 1951 4683 propria

444 4685 672 4889 eatqllendi
696 4684 871 4775 studium
895 4741 916 4790 ,⁴
951 4686 1162 4805 laudisque.
1185 4713 1303 4775 amor·
1331 4693 1570 4774 tornaturas
1600 4678 1803 4796 saepissrmie.
1823 4685 1961 4772 trans·-

448 4831 586 4893 uatoa
610 4829 728 4917 agit..

564 4924 666 5009 Hac
688 4939 925 5013 nontamen
949 4916 1141 5013 adversio
1174 4920 1306 5012 saculi
1336 4920 1463 5012 nostri
1488 4922 1860 5041 Hyper-Celticos„
1879 4951 1961 5009 eo*

1848 5070 1965 5130 ruor-
