4184 5904
308 387 328 433 ,Χ
1656 291 1728 432 83

207 505 382 599 finitioni
406 500 516 589 iliani
535 494 587 583 de
615 523 691 611 qua
717 501 879 616 pridem
901 501 1086 589 diximus
1113 505 1258 606 DeciI,
1288 518 1531 592 commutato
1561 507 1725 598 tantiam

206 630 374 714 tutioris
404 620 567 705 nomine
595 637 726 703 natam
753 618 902 706 fuisse,
931 620 1012 706 Sed
1043 619 1124 705 hac
1158 649 1296 732 parum
1323 641 1525 733 comperta
1549 623 1664 712 sunt.
1724 620 1728 627 ’

321 734 426 824 Illud
444 736 575 830 mihi,
604 752 647 820 vt
676 734 726 821 ad
751 764 833 822 rein
867 733 1064 840 redeam,
1092 738 1207 825 extri
1223 737 1532 830 controuersiam
1561 740 1730 828 uidetur

206 854 373 972 postum
390 912 404 958 ,
422 849 544 965 longe
570 852 762 940 maiorem
786 853 917 939 immi
939 851 1057 939 aliani·
1081 850 1201 941 fidem
1228 848 1579 944 ineffeAdonianis
1594 859 1725 960 aeis,

206 977 325 1086 quim
354 977 401 1060 iis
427 996 512 1082 qua
538 994 585 1051 ex
613 969 765 1070 Surio,
790 970 1041 1091 Apograpiio
1071 971 1331 1074 Trevirensi,
1359 972 1725 1063 &VaticanoCo-

208 1093 299 1178 dice
338 1085 598 1177 &Bianchino
633 1088 828 1204 evulgato
847 1085 1096 1200 retulimus;
1131 1089 1256 1176 immo
1288 1091 1391 1174 citri
1425 1086 1579 1177 Adonis
1611 1096 1725 1177 iniu-

205 1215 347 1308 riam,
396 1197 565 1290 minime
600 1201 720 1317 ipsius
759 1208 860 1293 Ani
905 1233 995 1291 eum
1037 1204 1201 1321 reliquis
1232 1231 1320 1320 quae
1348 1201 1470 1315 uulgo
1507 1198 1738 1295 circumfe?

205 1344 347 1412 runtur
374 1321 545 1410 conserti
578 1318 733 1431 posse,
764 1342 831 1408 aut
867 1319 1142 1410 indifferenter
1166 1322 1218 1409 ad
1247 1322 1386 1410 vitiata
1411 1318 1611 1434 relegari.
1642 1327 1721 1412 m-

206 1445 337 1529 ionius
358 1468 521 1555 quoque
542 1436 651 1524 dum
681 1438 732 1525 ab
758 1442 875 1526 Astis
903 1493 920 1539 ,
958 1466 1135 1552 quorum
1166 1439 1341 1527 exordio
1366 1441 1600 1528 Sanctorum
1629 1441 1721 1527 Ab·

202 1556 285 1644 don
315 1563 355 1642 &
380 1559 541 1646 &tinen
570 1555 677 1666 gesta
705 1564 1003 1669 permittuntur
1028 1584 1171 1648 cavere
1191 1583 1264 1644 nns
1288 1556 1427 1657 iubet,
1457 1551 1587 1642 subdit
1616 1583 1721 1644 con-

201 1677 315 1763 tinui)
347 1675 443 1789 (²a):
471 1677 548 1762 Hoc
575 1679 718 1763 iccirco
740 1679 987 1774 dixerimus,
1015 1697 1061 1764 rit
1085 1673 1202 1791 sciat
1217 1676 1395 1784 prudens
1423 1667 1560 1762 aanor
1585 1676 1659 1761 illa
1688 1671 1722 1760 d

200 1800 396 1906 germanis
427 1791 564 1879 Suniii
585 1794 798 1881 Laurentii
826 1790 928 1880 offis
946 1789 1170 1907 separare.
1202 1789 1355 1875 Frustra
1393 1811 1530 1878 autem
1557 1790 1599 1876 id
1626 1817 1721 1876 nio·

203 1905 348 1996 nuisset
377 1913 563 1994 Summus
587 1905 657 1994 ilie
673 1909 783 2010 Vir,
811 1905 837 1992 si
864 1928 934 1994 aut
963 1908 1066 1994 nulla
1090 1927 1188 1994 tunc
1217 1931 1302 1990 noir
1329 1906 1471 1992 vitiata
1494 1904 1719 1993 extitissent

203 2026 410 2112 Laurentii
437 2029 566 2123 Aeta,
596 2045 670 2112 aut
693 2031 876 2113 omnium
911 2024 1025 2140 aque
1051 2024 1176 2111 fidem
1209 2026 1249 2107 dt
1283 2029 1556 2111 ausioritatem
1585 2023 1720 2108 suble·

200 2139 436 2255 dematque
462 2138 660 2227 infirmam
685 2140 941 2230 credidisset.
975 2140 1142 2261 Qidni
1162 2158 1298 2226 autem
1328 2167 1410 2252 prae
1439 2140 1526 2225 aliis
1558 2136 1718 2228 Adonis

200 2264 283 2344 adia
310 2257 522 2345 sinceriora
553 2263 788 2368 putaverit,
817 2281 939 2371 atque
955 2258 1006 2345 ad
1032 2286 1078 2344 ea
1099 2255 1321 2345 sermonem
1349 2255 1598 2355 intenderit,
1627 2283 1719 2343 cuni

199 2374 352 2459 nulium
384 2383 427 2459 iii
460 2375 554 2487 ipsis
590 2401 639 2457 eir
668 2374 822 2482 triplici
863 2377 933 2458 iiio
964 2399 1083 2486 quem
1126 2400 1255 2484 nuper
1279 2370 1518 2470 dicebamus
1544 2368 1718 2457 falsitatis

198 2493 425 2579 charaetere
447 2480 691 2602 reperisset,
716 2491 756 2571 δε
784 2488 879 2575 aliis
908 2486 1129 2602 simplicior
1157 2485 1357 2604 magisque
1382 2487 1454 2575 fibi
1482 2489 1655 2574 constans
1673 2488 1720 2576 fit

199 2609 438 2693 narrationis
466 2628 608 2690 eornm
634 2602 783 2688 series?
1304 2612 1310 2621 ’

311 2725 411 2840 Qa
437 2744 676 2833 quamquam
704 2724 760 2804 ita
800 2717 908 2821 sint,
942 2719 1128 2810 nolumus
1156 2736 1306 2812 tantam
1329 2722 1486 2811 Adonis
1522 2723 1615 2807 attii
1644 2749 1716 2806 au-

196 2839 421 2922 nortiatem
471 2839 593 2916 tribui
624 2835 689 2912 cui
720 2836 813 2914 tuto
850 2835 1030 2920 assentiri
1063 2839 1276 2948 possmus,
1309 2867 1383 2924 nec
1426 2867 1563 2935 eorum
1605 2837 1719 2923 testi·
1816 2864 1821 2874 ·

195 2961 375 3038 monium
400 2955 495 3034 ‘cum
516 2951 561 3030 iis
580 2949 814 3030 sanatorum
854 2947 1082 3056 Martyrum
1098 2958 1190 3035 ediis
1214 2955 1418 3052 conferri,
1439 2980 1525 3066 qua
1551 2955 1599 3036 ab
1617 2982 1715 3039 ocii·

193 3067 483 3179 iotis-,testibus
514 3117 529 3163 ,
569 3084 640 3144 aut
683 3059 921 3169 synchronis
947 3067 1186 3153 Audioribus
1214 3065 1435 3184 conscripta
1466 3063 1584 3153 fuisse
1617 3096 1716 3156 con·

191 3186 263 3272 siat
295 3247 309 3270 .
352 3187 448 3268 Non
489 3172 745 3287 desperamus
770 3196 901 3264 tamen
928 3176 1099 3268 saniores
1128 3186 1307 3272 Criticos
1334 3189 1388 3273 ob
1415 3213 1532 3276 viram
1558 3184 1717 3272 Adios

193 3307 509 3395 auctoritatem,
537 3291 605 3378 etsi
629 3289 704 3377 alia
729 3289 934 3392 deessent,
961 3298 1143 3382 nonnihil
1171 3305 1209 3382 in
1244 3297 1478 3387 sententiam
1508 3327 1596 3416 quae
1620 3299 1717 3392 His·

193 3422 306 3529 panis
332 3411 437 3499 fover
467 3408 745 3523 propensiores
774 3408 923 3496 futuros
951 3433 966 3512 3
997 3412 1170 3527 reliquos
1201 3417 1344 3514 verb,
1379 3417 1545 3530 quorum
1570 3447 1614 3504 ea
1640 3418 1715 3503 de·

191 3561 302 3617 inum
325 3526 465 3644 magna
486 3526 669 3638 voluptas
699 3528 754 3613 est
785 3556 887 3614 nova
924 3531 965 3612 in
999 3527 1138 3640 vuigsis
1163 3535 1348 3618 emittere
1378 3585 1397 3631 ,
1433 3532 1713 3637 cohibendos,

194 3648 248 3733 ne
273 3646 419 3737 scilicet
439 3644 636 3734 Adonem
660 3641 712 3731 de
739 3644 945 3731 Laurentii
975 3646 1104 3758 patrii
1132 3641 1385 3735 disserentem
1414 3645 1502 3758 (cui
1526 3677 1572 3734 ea
1599 3655 1639 3735 iii
1670 3679 1714 3739 re

189 3792 311 3855 nemo
338 3770 517 3852 hodierius
548 3762 660 3853 litem
682 3761 779 3846 ants²
799 3759 1061 3852 Bianchinum
1085 3772 1388 3865 intentaverat,
1416 3764 1709 3882 longissimique

188 3887 230 3970 &
257 3881 339 3969 fere
363 3877 702 3996 sesquimilienaria
732 3877 953 3964 Auctorum
984 3881 1181 3969 consenso
1214 3881 1380 3967 mirifici:
1423 3882 1711 3998 adstipulatur)

191 4026 273 4084 non
303 3995 396 4087 satis
415 4025 464 4086 ex
492 3995 573 4082 fide
602 4022 692 4106 qna
708 3995 950 4080 Historicuni
978 3996 1093 4083 decet
1123 3996 1337 4109 loquutum
1365 3994 1513 4102 fuisse,
1539 4001 1711 4088 affirma-

188 4143 234 4201 re
266 4116 452 4224 deinceps
477 4114 677 4200 audeant.
1469 4110 1506 4185 Ἃ

303 4223 477 4342 Optime
504 4234 547 4314 id
561 4229 808 4341 perspedium
825 4227 1000 4316 habuere
1024 4225 1273 4316 Boliandiani
1291 4230 1468 4332 Patres,
1491 4261 1590 4346 quos
1607 4260 1709 4347 prae·

184 4369 252 4438 ter
270 4347 513 4433 constantem
542 4345 814 4457 Hispanorum
857 4345 1156 4446 traditionem,
1184 4375 1305 4432 vnum
1345 4344 1499 4433 Adonis
1526 4350 1709 4436 testimo·

185 4474 295 4553 nium
325 4471 368 4548 in
394 4460 693 4573 receptissimam
719 4465 770 4548 de
789 4462 996 4549 Laurentii·
1021 4463 1150 4576 patriai
1178 4460 1414 4570 sententiam
1443 4465 1703 4578 procliviores

185 4579 400 4671 reddidit:
430 4582 508 4666 Per
531 4608 596 4665 not
620 4579 843 4694 (inquiunt
872 4580 942 4692 (b)
961 4580 985 4698 )
1012 4578 1173 4696 tometst
1186 4589 1231 4666 in
1245 4602 1429 4697 promptu
1455 4612 1531 4670 non
1559 4585 1716 4680 habea-f

182 4730 295 4806 mur,
323 4701 617 4812 queaeramus
642 4746 662 4798 ,
690 4694 952 4818 ratiquiffima
987 4696 1204 4900 {simonia
1230 4700 1372 4813 quibui
1399 4699 1702 4820 Hispanorum

1066 4841 1094 4900 2
1612 4842 1704 4907 tra-

229 4995 295 5088 (ο)
319 5003 356 5073 ni
376 5017 439 5074 iot·
465 5000 512 5072 ii
528 5001 703 5089 Memini.
720 5001 788 5070 itit.
807 4999 854 5064 A.
960 4992 1078 5179 fisi)
1101 4995 1157 5067 Ad
1175 4995 1313 5082 diorix.
1327 4991 1455 5089 iiiios.
1469 5001 1508 5066 Χ.
1525 4999 1703 5087 proesiib

308 5159 311 5165 ,
988 5111 1074 5159 uir,
1667 5142 1671 5148 .
1699 5157 1702 5167 ,
