4184 5904
1622 290 1699 405 59

170 477 265 595 scd:
288 491 406 601 Spes,
436 482 536 587 nio,
564 472 986 594 uita,.stalus&c..legi
1014 470 1302 565 verosimillime
1318 479 1477 568 debeat.
1511 480 1574 567 Ita
1589 478 1700 564 enim

172 598 243 691 fiet
272 619 315 689 vt
352 597 461 688 aliud
504 626 686 685 cuursro
727 594 1116 707 congruentissimum
1141 615 1328 695 nomen,
1367 599 1491 681 immo
1518 596 1573 681 ab
1609 592 1702 705 ipso·-

167 722 240 819 ¹fibi
267 717 475 815 inditum,
499 708 685 828 cuiusque
711 712 817 799 nulla
847 719 889 799 in
919 719 1207 829 epigrammate
1237 714 1388 799 mentio
1417 712 1580 824 pridem
1608 710 1698 797 sue·

173 855 272 936 rat,
295 831 556 921 attribuamus-
578 856 599 936 3.
625 826 833 942 versusque
861 836 939 916 iarn
963 830 1013 916 ad
1034 838 1149 917 metri
1169 828 1273 940 leges
1303 849 1422 945 atque
1456 854 1589 914 aurern
1619 853 1704 910 nu·

177 942 433 1040 merofissm‘re
456 949 550 1037 lluat
581 1012 595 1034 .
635 944 781 1033 Allusrt
812 951 852 1031 in
880 974 930 1034 eo
956 1002 971 1047 ,
1000 943 1060 1034 vti
1079 973 1161 1058 ego
1187 949 1395 1045 arbitror,
1426 943 1611 1031 Damasus
1643 935 1705 1027 ad·

179 1066 282 1155 illud
305 1069 471 1169 loannis,
492 1068 545 1153 dc
571 1072 757 1159 cnrrsro·
785 1062 882 1181 (a):
909 1062 1093 1181 Egostom
1123 1072 1220 1166 aia,
1244 1064 1305 1164 (α’
1322 1073 1497 1166 ueritas,
1513 1064 1568 1162 θ’
1595 1066 1698 1156 vitai

180 1178 407 1299 descriptor
432 1204 569 1273 autem·
590 1185 758 1267 rationis
775 1188 975 1282 metrica,
1000 1178 1127 1269 forsan
1156 1190 1195 1263 δι
1214 1181 1351 1265 Latini
1372 1178 1560 1265 sermonis
1585 1179 1705 1291 igna·.

183 1331 250 1388 rus
281 1330 333 1387 err
363 1301 507 1389 harum
534 1329 678 1389 vocum
706 1303 775 1385 oia
800 1301 839 1381 &
868 1306 954 1389 aito
986 1353 1005 1400 ,
1037 1296 1150 1415 quod
1177 1295 1230 1383 ad·
1260 1293 1497 1409 scripturam
1521 1296 1700 1388 attinet,

185 1414 383 1506 affinitate
415 1419 587 1507 eandem
623 1423 666 1502 in
689 1416 908 1527 antiquiori
935 1415 1125 1528 exemplo
1147 1442 1220 1527 per
1249 1439 1431 1500 errorem
1454 1416 1705 1529 repetitam,-

183 1532 297 1625 suilse
325 1533 573 1647 suspicatus,
599 1532 765 1620 alteram
780 1530 965 1633 sustulit,
988 1537 1028 1617 &
1047 1529 1205 1619 versum
1227 1529 1445 1618 restituisse
1464 1547 1605 1644 putans
1620 1526 1699 1610 mi·

181 1650 544 1759 sere'desormauit
573 1718 583 1738 .
615 1650 763 1736 Sistero
795 1652 947 1762 placuit
972 1658 1175 1766 integrum
1203 1654 1452 1762 epigramma
1481 1640 1604 1759 quale·
1628 1666 1705 1729 nos·

182 1774 227 1857 id
251 1768 333 1880 legi.
354 1767 500 1857 debere
527 1774 825 1858 existimamus:
901 1820 904 1825 ·

304 1952 423 2061 Sper,
448 1977 550 2051 vm,
580 1955 667 2036 aira
681 1997 696 2043 ,
711 1945 858 2064 fialas,
888 1951 994 2036 ratio
1008 1995 1029 2044 ,-
1037 1943 1246 2062 sapientia
1260 1997 1281 2043 ,a
1303 1945 1473 2043 lumea,

299 2066 451 2167 ludex,
471 2087 619 2180 porta,
639 2068 779 2173 gigas,
807 2092 909 2165 rerc,
930 2089 1088 2177 gamma
1101 2115 1121 2160 ,2
1136 2062 1327 2176 propheta
1342 2113 1357 2160 ,
1371 2054 1562 2177 firccrdor
1577 2106 1601 2157 a

300 2177 454 2296 Mrfflar
469 2236 489 2282 ,a
497 2181 699 2297 strbaoth,
728 2179 875 2281 rabbi,
893 2178 1091 2296 sponsus,
1122 2180 1342 2275 mediator,

296 2301 418 2409 Virga
435 2350 455 2396 ,.
479 2302 683 2394 columna,
707 2322 875 2396 martur,
900 2317 1044 2411 perra,
1059 2293 1205 2405 silias,
1235 2310 1582 2407 emmauvetquc,

298 2414 444 2511 Vinea,
466 2409 623 2530 perstar,
652 2417 760 2509 orris,
780 2428 903 2524 pax,
925 2411 1074 2511 radiat,
1106 2414 1233 2508 aitis,
1263 2416 1401 2514 aliua,

304 2531 427 2630 Fons,
449 2534 612 2641 parias,
643 2554 767 2640 agnus
780 2577 803 2625 ,-
826 2531 1119 2631 artatas-,lem
1144 2532 1385 2645 propitiator
1401 2576 1424 2623 ,1

307 2646 473 2730 Verbum
493 2698 512 2744 ,
536 2646 642 2729 homa
659 2694 679 2740 ,.
700 2667 822 2743 retr,
846 2645 983 2760 lapis,
1003 2642 1133 2735 domus
1147 2700 1171 2748 ,-.
1192 2649 1561 2743 omnia·,crrntsrvs·
1582 2668 1711 2729 resvr'r

305 2817 373 2898 Νἰέ
399 2824 489 2925 quis·
511 2837 647 2898 autem·
672 2818 784 2899 nobis
811 2818 862 2903 cse
889 2838 1040 2907 cataro
1059 2818 1303 2905 Damafianae'
1321 2816 1508 2930 phraseos
1535 2823 1582 2902 in·
1608 2819 1713 2928 Epi·-

190 2937 420 3048 grammaria
446 2933 714 3024 tenuitatem,
731 2925 968 3044 elumbeque
994 2929 1153 3015 dicendi
1180 2960 1303 3041 genus
1335 2935 1579 3038 (nonenim
1601 2933 1715 3020 dissi--

191 3049 417 3156 molamus)
444 3045 607 3130 obiiciat
624 3071 643 3127 r
666 3041 718 3126 de
741 3042 831 3129 stilo
855 3046 1097 3133 Sansiorum
1113 3046 1303 3149 Parrum,
1329 3076 1453 3161 quem
1476 3052 1632 3163 Ecclesta
1665 3057 1713 3136 ἵ·

188 3194 272 3256 cum
300 3180 445 3247 vocant
472 3212 486 3257 ,
510 3161 715 3270 postremo-
736 3169 926 3251 omnium
952 3168 1051 3250 loco·
1076 3164 1380 3274 praemonendus.
1397 3166 1453 3251 est'
1468 3222 1491 3268 ,.
1513 3168 1714 3282 quantum

189 3278 306 3397 prisci
333 3277 388 3363 illi
418 3277 562 3360 Attica
584 3277 622 3358 &
646 3276 844 3365 Romanae·
869 3281 1280 3394 LinguaeDisl'atorer
1302 3281 1354 3368 de
1380 3285 1606 3371 extollendo
1628 3286 1715 3370 ser·-

198 3426 315 3483 mone
340 3392 495 3476 solliciti
526 3412 637 3477 erant
654 3420 672 3477 :¹
695 3397 854 3481 tanturn
871 3397 1161 3485 Ecclesraslicost
1184 3402 1352 3497 Patres,
1375 3417 1422 3482 vt
1446 3400 1615 3485 candidi
1634 3404 1707 3489 stili

195 3509 445 3623 simplicitate·
468 3506 622 3621 vulgari
646 3508 725 3594 sese
747 3519 879 3625 captui
904 3513 1251 3600 accommodarent
1265 3567 1288 3613 ,-
1311 3519 1350 3597 in
1376 3515 1716 3627 eoci'eprimendo·

195 3620 382 3713 laborissu
407 3646 537 3725 ,non
563 3629 669 3708 enim
702 3630 951 3741 eloquentia·
975 3630 1129 3726 laudern
1147 3686 1164 3732 ,-
1190 3629 1258 3735 sed
1290 3626 1472 3716 fidelium
1491 3631 1713 3719 vtilit'atem·

191 3743 490 3853 aucupabantur
515 3736 584 3854 (b)
600 3797 618 3823 .
646 3742 754 3827 Sane·
774 3746 814 3829 id
831 3752 1091 3860 Hieronymo·
1113 3757 1154 3835 in
1186 3754 1272 3837 vita·
1292 3747 1708 3862 PauliEremitaepro-

194 3880 282 3972 pter
301 3854 552 3977 srmpliciores
581 3856 798 3960 accidisse,
820 3862 992 3972 locuples
1021 3866 1102 3976 ipse
1129 3865 1196 3952 srbi
1223 3871 1264 3950 in
1293 3863 1713 3977 Epistolaad'l'aulum·

193 3968 532 4060 Concordiensem·
549 3970 652 4061 testis
679 3975 733 4058 est
761 3976 823 4087 (c)
838 4040 856 4062 ..
885 3983 978 4064 Nec·
999 3985 1145 4065 mirum·
1168 3981 1194 4062 sr
1213 3981 1400 4066 Damasus
1420 4036 1435 4082 ,
1463 3988 1537 4098 qul
1564 3989 1704 4071 eodem

194 4120 245 4177 ae
261 4095 533 4199 Hieronymus·
553 4083 693 4175 sacculo·
710 4088 877 4192 floruit,
902 4094 944 4177 id
974 4099 1210 4204 praecipuum
1241 4100 1281 4175 in
1310 4097 1610 4209 Epigrammatis
1638 4104 1707 4189 ha·

195 4209 355 4306 buerit,
386 4227 579 4293 uteorum
597 4205 789 4294 sententia
819 4208 965 4297 rudem
980 4209 1086 4297 illico
1114 4205 1302 4325 populum
1330 4263 1345 4310 ,
1371 4214 1410 4294 &
1437 4215 1501 4298 vel
1527 4222 1701 4328 parianu

195 4344 398 4411 attentum·
418 4342 639 4435 occuparet
662 4384 678 4407 ..
701 4326 832 4412 Certe·
851 4335 1098 4441 quicumque·
1116 4332 1295 4416 Carmen
1317 4331 1508 4418 Crrursro
1537 4335 1702 4422 Sanun·

1007 4450 1054 4529 HJ
1080 4469 1110 4528 21
1608 4480 1709 4539 rour

238 4594 291 4682 (o)
311 4595 404 4666 Ioan,
417 4596 497 4679 Cap·¹
511 4596 602 4669 XIV·
620 4599 657 4665 i}
679 4599 742 4664 VI·¹
977 4605 1016 4667 rii
1031 4603 1053 4666 ὅ
1067 4622 1143 4666 num·
1161 4606 1213 4675 58.
1228 4603 1269 4665 od
1281 4614 1333 4664 σο.

241 4694 306 4765 (b)
331 4687 401 4781 Qi
426 4685 543 4768 multa,
568 4708 666 4775 eaque
688 4707 779 4751 aurea
790 4686 829 4751 de
850 4684 928 4753 stilo
1022 4688 1076 4770 (c)
1097 4687 1285 4776 Hieronym
1306 4692 1397 4776 Epist.
1413 4691 1718 4766 acrimoniam.-

195 4776 375 4847 Sanflorurn
388 4780 536 4858 Parrum,
550 4801 645 4867 quern
667 4783 919 4863 Ecclefiasticunu
980 4775 1041 4843 sub·
1054 4776 1108 4844 fin.
1134 4787 1288 4850 Mittimus
1308 4825 1329 4860 ,.
1349 4778 1450 4866 inquit
1471 4826 1483 4859 ,
1507 4791 1626 4852 iuterim
1647 4806 1711 4858 ιι..

197 4888 329 4950 vocant,
342 4868 422 4940 nisse
445 4868 550 4950 cupiat
564 4916 584 4949 „
606 4867 805 4954 legatelogio·
820 4870 922 4934 nollro
984 4875 1044 4938 ribi
1059 4915 1079 4949 ,ι
1095 4876 1128 4937 id
1146 4878 1184 4953 esi
1206 4876 1299 4938 Paulo
1311 4877 1380 4956 ferri
1401 4878 1526 4938 rourum
1541 4878 1710 4960 seniorem:

197 4959 347 5029 maiorem
359 4957 587 5029 Du-Frelnium
602 4956 835 5047 Du-Cangium·
846 4966 930 5027 ΡΜ·
985 4966 1016 5028 ia
1039 4985 1099 5047 quo
1114 4982 1250 5047 propter
1261 4965 1456 5047 firnpliciaret-
1476 4970 1610 5052 quasitot
1637 4980 1712 5043 mul-

190 5054 265 5138 fito.
282 5061 313 5126 ia
331 5058 459 5141 Giafflrr.
480 5054 560 5121 ared·-
583 5048 620 5127 (5.
643 5054 930 5143 inflaraooriaiaa-
983 5057 1052 5121 taira-
1069 5058 1105 5123 irr.
1119 5056 1280 5124 driicicrrdo
1295 5056 1436 5141 [cruores
1449 5060 1645 5127 laboravimus
1657 5104 1675 5123 .-
