4184 5904
1493 311 1798 480 ¹-163

279 570 516 659 Blanchinus
545 564 617 679 (a)
632 563 678 675 );
698 555 852 677 prostat
868 562 972 650 enim
988 558 1098 649 iiber
1120 557 1175 644 in
1189 558 1360 646 omnium
1392 557 1511 648 Vrbis
1524 560 1704 672 princ'qie
1723 560 1800 645 Bi·
1896 590 1899 595 ²

271 689 466 781 bliotheca
487 707 597 769 aum·
622 680 781 764 DCXll.

394 800 480 886 iam
506 796 608 881 vero
631 796 715 880 'hac
738 796 861 880 tanti)
881 820 967 908 prae
992 800 1040 882 iis
1064 818 1152 905 quae
1173 799 1311 909 capite
1331 791 1576 908 precedenti
1605 792 1800 909 expendi·

274 946 358 1006 mus
374 911 617 1030 probabilius
633 909 744 996 dina
758 910 1023 1016 uidebuntur,
1049 930 1208 1021 quanto
1230 912 1341 998 nihil
1363 913 1589 1023 prohibet,
1610 912 1731 1027 quod
1756 916 1799 995 in

279 1038 409 1123 uerbis
438 1028 520 1118 ⁴illis
541 1053 679 1116 civem
699 1055 963 1128 aunarium,
994 1029 1199 1113 Laurentii
1223 1033 1365 1139 ‘patria
1391 1032 1678 1133 continentum
1707 1054 1798 1113 cum

277 1154 387 1239 enim
409 1177 456 1238 ea
483 1146 608 1233 uerba
628 1170 717 1229 ‘non
741 1172 790 1229 ex
821 1144 927 1231 libro
951 1146 1083 1260 aliquo
1108 1142 1350 1256 -Liturgico,
1373 1142 1447 1231 sed
1473 1169 1519 1227 cx
1546 1144 1658 1229 Actis
1689 1145 1801 1228 hiar-

280 1286 417 1378 tyrum
441 1258 686 1348 descendant
708 1318 729 1364 1,
751 1260 906 1371 quibus
930 1258 1110 1377 ¹ipsorum
1148 1268 1295 1373 patrias
1330 1260 1456 1348 inseri
1484 1258 1583 1344 nihil
1618 1258 1800 1346 vetabat:

280 1389 415 1496 potuit
441 1404 587 1464 eorum
618 1377 839 1491 dequibus
867 1387 1017 1498 agimus
1043 1377 1233 1489 :Scriptor
1259 1380 1468 1466 Laurentii
1497 1377 1626 1463 natale
1653 1372 1801 1479 solum,

276 1495 437 1585 aliunde
451 1494 522 1582 sibi
538 1498 772 1606 cognitum,
791 1523 866 1607 per
890 1498 1131 1585 occasionem
1147 1500 1370 1585 narrationi
1387 1496 1646 1582 suaeatteaere
1661 1540 1677 1590 ,
1693 1494 1800 1601 quin

275 1615 455 1731 aliquam
476 1641 601 1698 exeo
629 1612 973 1725 reprehensionem
994 1622 1249 1702 incurreret,
1639 1670 1645 1682 -
1792 1662 1797 1671 ·

402 1730 556 1817 Verum
588 1735 725 1844 quanti
748 1732 834 1817 ¹hac
857 1738 956 1820 Asta
980 1729 1157 1819 facienda
1184 1731 1291 1829 sint,
1313 1726 1412 1815 alibi
1444 1726 1571 1815 iamai
1600 1725 1712 1811 nobis
1737 1732 1803 1809 in-

278 1849 461 1937 dicatum
483 1845 561 1961 (b)
585 1908 597 1929 .
624 1843 863 1935 Blanchinus
885 1852 972 1964 ipse
1001 1848 1169 1938 marrim?
1192 1852 1409 1961 depravata
1432 1843 1511 1931 else
1531 1842 1802 1957 nonpinlicia-

274 1984 345 2054 tur
373 1964 463 2083 (c)
495 1985 511 2067 3
540 1991 612 2048 nos
647 1986 783 2054 autem
813 1966 1026 2069 addimus,
1049 1983 1190 2053 ternos
1211 1991 1319 2079 quos
1350 1959 1601 2076 praediximus
1620 1954 1800 2043 'fallentis

280 2087 559 2180 characteres,
592 2110 733 2196 nempe
759 2084 978 2171 'Hillotiam
1008 2088 1249 2169 ‘Santioruni
1271 2079 1428 2166 Abdon
1449 2082 1495 2162 ac
1519 2079 1712 2173 Sennea,
1736 2073 1805 2183 qui

283 2196 308 2284 ai
329 2201 460 2285 Decio
487 2223 536 2283 cx
564 2200 726 2287 Perside
748 2203 911 2290 abdusli
939 2203 987 2284 in
1015 2206 1127 2289 Astis
1148 2219 1464 2292 memorantur,
1491 2192 1668 2277 fictitiam
1691 2181 1805 2273 ¹eius-

278 2313 371 2399 dem
398 2317 658 2429 lmperatoris
688 2325 733 2403 in
755 2324 972 2407 ‘Orientem
999 2314 1297 2426 expeditionem
1322 2369 1338 2414 ,
1362 2306 1576 2393 ridiculam
1599 2306 1805 2391 demunt,

278 2424 478 2541 planeque
514 2431 688 2512 insanam
720 2436 837 2514 Decii
868 2431 1139 2513 &Valeriani
1170 2432 1324 2514 eodeni
1352 2424 1554 2533 'temporis
1591 2441 1804 2505 momento

278 2565 447 2654 repente
474 2548 746 2626 extiridtorum
777 2543 998 2638 fabulam,
1032 2569 1210 2652 quorum
1243 2543 1473 2625 -diliunciim
1505 2537 1644 2651 finguli
1671 2542 1806 2621 mait-

277 2687 382 2747 rnam
411 2653 623 2741 conflaturi
655 2675 774 2741 erant
799 2664 912 2744 Acris
936 2656 1131 2741 mendacii
1160 2654 1416 2770 suspicionem
1437 2680 1457 2739 ‘e
1482 2655 1731 2740 coniun'dlim
1763 2651 1805 2735 in

277 2805 323 2862 ea
338 2828 352 2875 ,
369 2772 470 2887 quasi
491 2776 529 2857 iii
550 2769 747 2859 ¹sentinam
767 2769 1029 2858 confluxisse.
1064 2773 1272 2861 Mittimus
1286 2775 1522 2858 Sannorum
1547 2771 1650 2857 Sitti
1666 2827 1681 2874 ,
1695 2770 1807 2857 ssLau-

279 2894 444 2989 rentii,
486 2893 526 2973 Bc
559 2886 778 2996 Hippolyti
814 2888 1004 2998 passiones
1033 2885 1103 2975 sub
1141 2892 1310 2988 Decio,
1337 2915 1420 2999 qua
1454 2914 1517 2973 res
1550 2907 1616 2973 tot
1639 2914 1692 3000 pe
1723 2891 1803 2971 erit

275 3001 700 3093 molestiasAdonianis
720 3004 864 3108 Attis3
891 3003 1047 3111 aliaque
1077 3000 1248 3110 scopulis
1272 3003 1644 3113 atqueambagibus
1668 2915 1805 3116 piena,

277 3139 414 3234 practer
440 3117 733 3200 inconstantem
776 3112 853 3197 llili
879 3120 1156 3199 varietatem:
1186 3142 1275 3231 quae
1303 3115 1445 3201 omnia
1475 3121 1677 3205 ditiorum
1713 3116 1805 3205 fidei

273 3229 478 3321 elevandae
498 3231 677 3337 undique
703 3228 897 3314 uidentur
921 3230 1166 3315 coniurare.
1283 3280 1290 3287 -

396 3348 617 3432 Praeterea:
648 3345 738 3457 quis
756 3373 836 3430 non
868 3347 938 3433 vbi
967 3349 1007 3428 in
1026 3350 1136 3431 Actis
1164 3342 1596 3436 interEcclesrasticuni
1618 3352 1806 3442 Lauren·

281 3470 331 3551 tii
361 3460 529 3573 gradum
557 3519 572 3564 ,
598 3460 860 3576 eiusdemque
883 3461 1063 3575 elogium
1089 3518 1104 3566 ,
1129 3492 1241 3553 civis
1271 3493 1443 3552 nomam
1467 3492 1618 3554 nomen
1647 3478 1806 3582 impor-

282 3576 481 3667 tunillime
510 3579 753 3664 collocatum
781 3577 922 3692 videt3
950 3584 1037 3692 quis
1063 3584 1227 3696 inquam
1248 3612 1333 3671 uon
1364 3578 1475 3665 illico
1490 3578 1680 3674 surculum
1708 3584 1805 3673 insi·

283 3701 416 3785 titium
434 3693 647 3812 ,aegreque
670 3694 822 3782 caudici
839 3694 1119 3786 coalescen'tcm
1140 3698 1433 3810 deprehendit?
1459 3700 1541 3787 Sed
1567 3732 1670 3805 cur,
1698 3729 1806 3817 qua·

281 3816 369 3913 su,
408 3822 618 3907 Romanum
653 3819 809 3899 tantum
839 3821 1002 3907 ciuem,
1044 3816 1229 3928 ambigui
1261 3814 1355 3907 sanie
1394 3817 1523 3929 phrasi
1554 3814 1807 3937 multiplicis·

282 3957 363 4045 que
386 3926 516 4015 sensio
539 3933 703 4046 capaci,
730 3932 984 4016 Laurentium
1014 3927 1118 4017 dixit
1149 3936 1343 4021 Actorum
1357 3933 1668 4026 Consarcinaror
1685 3960 1804 4043 pne·

286 4074 366 4161 que
391 4048 478 4133 eius
503 4046 593 4136 loco
626 4042 779 4159 scripsit
807 4053 935 4135 Rome
961 4068 1098 4135 natum
1126 4098 1139 4143 ,
1171 4052 1320 4163 patrici
1342 4054 1588 4155 Romanum,
1617 4077 1689 4143 aut
1719 4050 1798 4140 tale

284 4162 520 4277 quidpiam,
547 4195 633 4277 quo
656 4166 771 4249 litem
793 4162 1009 4269 universam
1034 4161 1162 4248 verbo
1186 4162 1428 4253 dirimeret?
1461 4170 1591 4279 Atqui
1617 4198 1701 4259 nori
1729 4198 1808 4255 nra·

282 4282 371 4367 iore
395 4283 602 4395 impendio
631 4280 671 4365 id
703 4277 828 4369 facere
852 4274 1066 4394 potuilset,
1093 4279 1216 4392 quini
1248 4312 1334 4399 quo
1357 4278 1493 4393 paullo
1524 4285 1619 4373 ante
1645 4290 1803 4373 Sixtum

283 4397 449 4489 Athem'r
476 4420 611 4490 natum
636 4392 710 4515 (d)
737 4398 859 4514 atqu‘e
888 4397 1092 4488 eruditum
1116 4398 1310 4489 dixerat.
1338 4404 1434 4517 Qu
1455 4420 1589 4487 tamen
1616 4402 1659 4487 id
1688 4396 1804 4489 iure?

282 4511 478 4627 Superum
513 4516 673 4603 fidem!
717 4519 896 4601 Gracum
931 4519 1090 4603 Sixtum
1119 4540 1169 4600 ex
1199 4515 1398 4605 Aiiallasro
1438 4538 1557 4633 atque
1594 4517 1679 4606 aliis
1716 4515 1803 4631 pas·

284 4631 403 4735 sim,
443 4638 567 4722 immo
595 4659 646 4720 ex
687 4632 949 4722 uetullilsiniis
988 4629 1229 4830 Pontqlpcum
1264 4632 1456 4751 catalogis
1489 4634 1805 4723 aScheelstiaa·

1171 4776 1195 4837 2
1741 4773 1805 4839 tio

331 4958 393 5039 (a)
416 4960 494 5028 Laco
508 4967 647 5049 proximi
669 4963 821 5047 allegari.
1120 4956 1184 5044 (d)
1215 4955 1278 5025 Sub
1299 4956 1425 5029 initiunt
1453 4956 1612 5028 hetorum
1634 4981 1685 5045 rp·
1707 4953 1805 5026 Blan-

331 5046 398 5130 (b)
422 5050 520 5135 Suprir
543 5059 616 5142 Cap.
639 5058 682 5121 ΙΙ.
707 5057 786 5143 Peg·
810 5060 864 5129 7⁸.·
1068 5048 1154 5145 chin.
1179 5056 1293 5124 Arnai.
1313 5059 1400 5126 CVI·
1419 5070 1500 5141 pag·
1523 5054 1787 5125 contricatis·

326 5134 389 5223 (c)
413 5150 528 5212 denir·
550 5151 639 5218 CVI·
654 5163 731 5231 pag.
757 5162 795 5222 29
802 5166 832 5227 3.
