4184 5904
1600 319 1669 432 ¹7

157 507 283 595 storia
308 502 599 601 monumenta,
631 500 750 616 eaque
772 496 1053 618 autographa,
1080 501 1200 619 alque
1228 499 1329 594 'aden
1351 512 1395 594 in
1412 502 1570 626 apertu
1590 527 1668 614 po-

153 623 338 829 gtenrt
375 623 443 710 rel
468 622 608 737 parurn
646 638 798 704 attente
828 621 1022 734 Scriptori
1053 620 1192 708 nullibi
1233 649 1318 710 non
1342 620 1473 749 essent
1497 619 1663 712 obviarn

217 764 310 832 ura.
382 782 385 790 ·
568 764 572 771 ’
810 832 814 837 ,
1192 817 1193 821 t

269 860 430 976 Quota
456 857 555 946 terh
583 851 716 970 priscis
741 854 817 946 illis
846 857 1090 972 temporibus
1117 857 1258 963 harum
1285 883 1416 947 rerum
1438 857 1545 975 seges
1567 856 1659 944 site-v

150 981 237 1079 rit,
269 974 384 1061 facile
414 973 600 1064 coniiciet
633 983 868 1092 quicumque
893 974 1024 1092 paullo
1063 981 1250 1063 attentius
1279 973 1529 1064 'conlucrare
1557 973 1658 1060 velit

150 1116 238 1204 quae
269 1120 372 1179 nunc
398 1150 413 1195 ,
441 1090 529 1206 poll
565 1091 779 1180 duodecim
805 1089 957 1179 scillcet
982 1088 1203 1180 seculorum
1231 1092 1421 1205 lapsum,
1450 1085 1659 1204 supersunt

151 1205 280 1294 adhuc
302 1209 417 1296 nobis
445 1205 708 1296 Ecclefialiicae
730 1208 976 1323 antiquitatis
1003 1206 1196 1320 uestigia.
1231 1211 1481 1321 Argumento
1509 1213 1604 1294 item
1632 1204 1658 1288 a

152 1319 270 1409 sacris
310 1323 485 1438 profanis
517 1322 635 1408 ducto
667 1325 877 1440 agnoscere
907 1332 1025 1412 etiam
1066 1321 1254 1410 debemus
1282 1321 1419 1437 priscis
1447 1321 1657 1407 Pontifici·

154 1439 251 1541 bus,
273 1443 326 1527 ad
352 1438 613 1527 sustinendam
642 1439 1484 1559 atqueamplificandamSummiSacerdotii
1514 1434 1655 1547 digni-

155 1574 310 1656 tatem,
337 1583 421 1642 non
443 1562 573 1643 minus
605 1584 702 1644 cura
723 1553 835 1645 fuisse
865 1560 981 1646 Sacra
1007 1555 1356 1657 Christianorum,
1382 1548 1555 1640 Ecclesrae
1582 1576 1657 1632 or·

146 1667 414 1773 ‚diuatiorres,
443 1679 551 1770 atta,
581 1669 798 1759 funcciones
826 1672 994 1782 supremi
1018 1681 1192 1759 muneris
1208 1678 1417 1786 proprias,
1446 1669 1656 1781 aliaque-r

152 1791 236 1871 eius
258 1789 416 1896 generis
442 1803 701 1875 monumenta
735 1790 882 1874 chartis
912 1783 1100 1875 tabulisre
1127 1787 1362 1889 concredita¹
1386 1791 1657 1871 Romanorum

152 1899 359 1989 Prasulunr
389 1896 490 1986 fastis
517 1903 731 1993 ednotus:
765 1904 880 2019 quarn
909 1908 1081 1991 ethnicis
1110 1909 1192 1989 cius
1215 1911 1290 1994 ari
1315 1898 1578 1989 sacerdotibus
1610 1915 1658 1984 ut

152 2022 367 2103 numinum
402 2012 562 2106 suorum
593 2021 752 2108 cultum
782 2072 798 2122 ,
827 2023 923 2107 item
949 2041 994 2108 vt
1016 2025 1220 2134 propriam
1244 2019 1483 2129 dignitatem
1512 2012 1658 2100 adver·
1742 2061 1744 2064 >

152 2130 215 2216 sais
242 2150 464 2248 temporum
495 2143 677 2226 iniuriam
715 2156 948 2226 tuerentur.
982 2141 1136 2222 Horum
1168 2153 1302 2225 autern
1330 2140 1539 2220 maximam
1563 2153 1658 2242 per·

148 2251 274 2363 petuo
310 2246 424 2338 fuisse
452 2280 501 2338 ea
526 2259 570 2341 -in
602 2281 645 2341 re
679 2254 966 2368 diligentiam,
996 2258 1201 2341 innumera
1241 2249 1347 2368 apud
1372 2250 1657 2343 Gruterum„

149 2364 417 2479 Reinesrum,
450 2370 717 2460 Muratorium
744 2375 782 2456 ὅ(
809 2370 907 2458 alios
935 2388 1116 2459 veterum
1145 2367 1444 2485 inscriptionum
1470 2361 1659 2494 collettp·

148 2508 212 2573 ,res
237 2513 259 2569 e
288 2488 515 2598 igrantntata
551 2487 602 2576 ad
628 2493 726 2576 hanc
751 2486 862 2574 diem
888 2491 1064 2574 extantia
1102 2484 1192 2572 satis
1221 2485 1466 2584 ostendunt,
1494 2488 1537 2567 in
1595 2499 1660 2561 ut·

149 2510 470 2698 bussplaminum
501 2605 677 2686 Dialium
704 2659 720 2703 ,
750 2608 934 2683 Fratrum
963 2601 1204 2698 Arvalium,
1236 2598 1350 2682 Isrdis
1379 2650 1395 2696 ,
1424 2505 1658 2704 SerapidiS,

149 2708 321 2794 Mithra
359 2728 476 2820 atque
516 2709 687 2796 aliorum
725 2710 859 2822 priscae
897 2710 1184 2825 superstitionis
1228 2704 1476 2798 sacerdotum
1515 2732 1664 2794 mune·¹

147 2850 223 2922 ra,
251 2825 513 2935 Deorumque
549 2821 676 2908 cultus
708 2848 755 2905 ac
786 2829 884 2905 ritus
911 2833 1095 2932 precipui
1126 2828 1318 2935 graphice
1347 2846 1414 2913 aut
1448 2821 1664 2920 emblema·¹

147 2934 238 3039 tice,
269 2933 430 3051 expressa
460 2944 717 3026 continentur
742 2958 758 3039 3
789 2931 945 3049 prorsus
979 2955 1028 3021 vt
1061 2944 1297 3051 quicumque
1327 2934 1488 3024 tandem
1530 2937 1660 3026 illu

146 3051 269 3141 suerit
294 3047 456 3141 secundi
488 3052 656 3167 catalogi
678 3053 890 3166 Scriptus,
918 3075 964 3138 et
996 3055 1044 3137 iis
1074 3080 1158 3165 qua
1183 3052 1299 3164 ipsrus
1325 3079 1409 3141 avo
1430 3049 1661 3168 supererant

150 3170 377 3283 archetypis
412 3177 684 3256 monumentis
712 3195 795 3256 nou
825 3174 1091 3280 interruptam
1122 3168 1423 3257 pontificalium
1461 3167 1661 3281 gestorum

150 3280 291 3376 seriem
313 3302 492 3395 attexere
521 3279 624 3370 facili
657 3291 819 3404 negotio
847 3289 1057 3398 potuerit,
1089 3291 1211 3371 imuro
1243 3284 1314 3371 nifi
1343 3283 1479 3372 oculos
1498 3284 1545 3370 ab
1571 3285 1661 3369 vbi·

149 3405 213 3489 nis
238 3404 376 3485 Roma
400 3399 663 3510 prestantibus
687 3397 833 3484 tabulis
857 3393 1040 3486 consultu
1070 3416 1250 3515 auertere
1276 3397 1428 3500 vellet,
1457 3401 1509 3484 n'e
1537 3400 1662 3488 latum

184 3512 316 3603 uidem
347 3539 517 3627 unguem
545 3512 692 3601 alicubi
731 3512 755 3598 a
783 3520 954 3602 veritate
995 3513 1190 3604 deviare.
1232 3519 1368 3630 Atque
1392 3515 1581 3599 hattenus
1608 3514 1662 3601 de

151 3546 316 3723 secundi
347 3624 590 3716 Pontificum
619 3627 789 3746 catalogi
816 3637 1078 3721 authoritate.

272 3743 399 3866 Qud
426 3738 477 3830 ad
504 3742 746 3833 Anastasum
774 3747 948 3850 attinet,
978 3747 1093 3836 mitsrs
1119 3779 1203 3866 quae
1225 3747 1481 3838 Guillielmus
1511 3753 1663 3840 Biblio-

154 3865 382 3963 thetarius,
408 3862 681 3965 Trithemius,
712 3862 895 3969 Platina,
924 3867 1112 3956 Batonius
1134 3870 1279 3982 aliique
1293 3867 1485 3957 Austores
1515 3874 1557 3954 in
1581 3873 1665 3956 eius

155 3977 539 4074 commendationem
568 3975 783 4091 scripsisse,
812 3981 1025 4095 dequibus
1051 3980 1408 4071 uidendusSenior
1435 3986 1664 4073 blanchinus

154 4103 252 4216 (a):
284 4094 622 4182 Scheelstraatium
648 4091 789 4181 itidem
818 4094 968 4183 iudicio
987 4097 1155 4208 praedem
1170 4094 1332 4182 sistimus
1361 4097 1463 4211 (b),
1496 4109 1563 4216 qui
1583 4111 1667 4216 pri-

154 4217 224 4305 mi>
254 4213 343 4301 satis
378 4207 569 4327 superque
610 4209 782 4301 oslendit
805 4221 1021 4302 Auctorem
1049 4213 1162 4301 Libri
1191 4212 1431 4300 Pontificalls
1466 4218 1667 4304 Anaslasro

159 4333 366 4429 attributi,
402 4345 445 4414 vt
476 4334 576 4414 vitas
599 4328 786 4444 gestaque
817 4333 1092 4420 Romanorum
1109 4325 1314 4418 Praesulum
1350 4333 1372 4416 a
1403 4334 1531 4423 Petro
1554 4337 1667 4450 Apo-

157 4448 258 4535 slolo
291 4446 341 4535 ad
369 4443 598 4531 Zachariam
632 4443 819 4537 scriberet
849 4449 976 4571 (quos
1002 4456 1108 4533 inter
1139 4446 1326 4534 Damasus
1364 4449 1498 4537 noster
1526 4468 1668 4538 receu-

157 4569 299 4682 setur)
327 4560 534 4650 secuudum
566 4563 804 4652 Pontificum
828 4564 1082 4676 catalogum,
1114 4563 1166 4650 de
1193 4569 1303 4650 cuius
1332 4573 1570 4655 austoritate
1591 4597 1668 4657 nu·

157 4711 229 4796 per
255 4688 435 4794 egimus,
462 4677 511 4766 ad
539 4702 696 4766 manum
723 4683 932 4789 habuisre3
963 4710 1092 4798 eoque
1118 4679 1169 4767 ad
1204 4677 1342 4770 seriens
1375 4679 1534 4770 illorum
1562 4704 1666 4775 atte-

934 4805 975 4886 C
1569 4828 1670 4888 xen-

199 4974 248 5056 (a)
274 4980 394 5064 Proleg.
421 4980 543 5048 rand.
570 4980 707 5070 Anastefi
734 4981 877 5054 biblioth·
982 4984 1045 5054 (b)
1069 4982 1151 5066 ths.
1182 4989 1220 5048 dr
1247 4983 1325 5051 Ant·
1348 4990 1437 5057 aum·
1467 4984 1556 5056 Post·
1577 4989 1670 5073 catal,

137 5071 206 5169 post
229 5070 357 5154 Prason
934 5090 998 5158 sup·
1018 5075 1073 5145 IX·
1099 5077 1207 5142 dud·
