4184 5904
291 348 397 465 132

409 537 473 620 De
496 532 661 620 Codicis
691 533 951 651 antiquitate,
981 531 1089 648 quod
1110 528 1306 647 superest,
1336 559 1570 649 quamquam
1598 559 1680 620 non
1710 545 1808 623 omi

286 682 376 740 nem
394 651 553 764 penitus
581 649 804 764 scrupulum
829 650 941 738 nobis
961 653 1108 738 adimat
1124 647 1316 765 specimen
1330 656 1564 740 characteris
1586 650 1761 739 eiusdem
1782 654 1808 738 d

283 768 501 854 Bianchino
528 774 633 854 inter
663 768 849 854 Anallasri
884 768 1170 884 Prolegomena
1198 769 1351 859 editum
1379 771 1478 888 (a),
1507 771 1717 858 commodi:
1742 792 1807 856 ta·

285 913 378 970 men
419 887 468 970 ad
497 884 677 972 secutum
708 891 927 986 ooavnnt,
971 911 1040 973 aut
1077 888 1276 999 sequentis
1305 884 1429 974 sacnti
1466 887 1629 973 initium
1658 883 1803 972 referri

285 996 394 1111 posse
426 1003 631 1087 existimo.
664 1003 827 1087 Iov-aret
854 1020 983 1087 tamen
1003 1028 1243 1120 pergamena
1257 1008 1399 1093 chartac
1425 1000 1688 1118 qualitatem,
1714 1023 1803 1089 ter-

281 1115 324 1206 sa
344 1145 393 1204 au
422 1119 604 1217 subada3
636 1115 804 1201 interime
838 1119 935 1203 vero
957 1119 1159 1233 figuram,
1190 1120 1342 1236 quadra
1373 1119 1521 1206 scilicet
1551 1147 1600 1204 an
1627 1117 1801 1230 oblonga

282 1234 362 1333 fit,
392 1233 502 1319 nobis
520 1234 658 1320 itidem
677 1228 910 1318 Blancltinus
939 1238 1161 1344 ipdicaret3
1190 1240 1251 1323 his
1278 1240 1384 1327 enim
1413 1233 1600 1350 presidiis
1624 1243 1665 1322 iu
1698 1263 1799 1326 re.)

284 1351 406 1434 dubia
435 1347 601 1461 ,qualis
635 1347 870 1462 plerumque
897 1371 985 1438 etas
1015 1352 1214 1442 Codicum
1246 1355 1301 1440 est
1329 1415 1344 1468 ‚
1373 1359 1515 1468 opinio
1538 1357 1795 1467 antiquitatis

279 1463 458 1575 ipsorum
487 1467 769 1574 confirmatur,
800 1470 921 1555 immo
950 1469 1093 1557 validas
1122 1469 1326 1562 interdum
1359 1499 1407 1564 ex
1436 1468 1522 1588 ipsts
1542 1470 1793 1557 coniedturas

269 1578 424 1689 ‘elicere
455 1584 660 1693 peritiores
685 1585 952 1701 Polcographi
980 1586 1130 1680 solent.

401 1705 536 1785 Vnum
569 1700 646 1786 hoc
676 1727 754 1786 non
782 1701 930 1790 iniuriai
959 1699 1172 1821 suspicer,
1208 1739 1305 1797 num
1336 1702 1483 1797 scilicet
1511 1713 1651 1794 trattus
1675 1703 1791 1796 de.)

275 1848 358 1936 quo
400 1816 598 1929 loquimur
624 1822 855 1932 Antiquarii
899 1819 1110 1912 oscitantia
1151 1846 1402 1943 corruptus3
1441 1820 1654 1936 pracsertim
1693 1826 1790 1909 vero

277 1965 374 2024 num
406 1934 498 2021 bina
526 1930 590 2018 illa
622 1935 742 2021 verba
769 1963 997 2029 nasceuuo
1024 1972 1134 2033 crvrs
1162 1974 1210 2032 ex
1235 1940 1469 2059 antiquioris
1491 1939 1657 2027 Codicis
1683 1932 1792 2050 glos·

276 2055 319 2140 sd
344 2052 384 2136 iu
414 2067 567 2136 textum
606 2049 882 2162 irrepserint,
922 2061 1107 2147 curaliis
1137 2063 1374 2175 interpolata
1403 2054 1587 2144 suerint.
1634 2056 1796 2141 Praeivit

276 2169 442 2286 quidem
467 2170 578 2252 nobis
605 2169 645 2252 in
674 2193 754 2254 non
784 2168 955 2258 diffiniti
981 2171 1199 2290 suspicione
1219 2181 1411 2278 Acamus,
1439 2199 1673 2290 quamquam
1689 2175 1796 2255 tanti

276 2286 400 2400 ipsus
429 2278 631 2372 interesset
661 2283 857 2370 Codicem
885 2287 936 2375 de
964 2318 1045 2405 quo
1083 2301 1236 2409 agimus
1273 2299 1474 2408 integrum
1509 2313 1630 2404 atque
1658 2292 1795 2375 incor-

267 2421 440 2516 ruptum
471 2398 654 2488 servare.
685 2404 792 2486 Cum
822 2407 927 2487 euim
955 2412 988 2489 is
1015 2407 1158 2494 alicubi
1185 2414 1235 2494 ab
1261 2411 1386 2494 altero
1418 2432 1464 2487 eu
1489 2404 1692 2490 Bianchini
1721 2401 1796 2489 ad-

276 2513 462 2610 versariis
491 2517 750 2633 adigeretur,
784 2537 827 2603 vt
852 2546 1106 2606 communem
1132 2521 1339 2635 utriusque
1355 2519 1406 2604 de
1431 2523 1513 2604 eius
1524 2516 1694 2604 Codicis
1713 2521 1796 2604 Au·

286 2645 397 2727 (tore
424 2633 659 2724 sententiam
690 2641 956 2734 retractaret,
990 2634 1108 2752 idque
1136 2668 1183 2727 cx
1213 2638 1330 2751 ipsius
1357 2633 1522 2721 Codicis
1547 2636 1702 2722 verbis:
1732 2638 1796 2720 lo-

282 2784 373 2844 cum
402 2757 469 2868 qui
493 2752 562 2838 stbi
589 2751 878 2852 obiiciebatur,
903 2755 1133 2866 Antiquarii
1161 2753 1370 2842 oscitantiai
1391 2772 1618 2866 corruptum
1642 2773 1707 2836 aut
1738 2757 1800 2836 ui·

280 2879 421 2962 tiatum
465 2863 542 2959 else
575 2870 835 2987 pronuntiare
874 2869 977 2959 uiltil
1010 2873 1158 2959 veritus
1193 2867 1303 2955 suit.
1346 2870 1449 2954 Rem
1485 2894 1676 2977 exponant
1720 2894 1798 2953 or·

277 2989 402 3082 dine.
766 3038 769 3043 ·

393 3113 499 3203 Cum
528 3108 717 3228 evulgato
755 3105 928 3220 primitm
960 3104 1182 3198 Veronensr
1209 3107 1521 3195 sacramentario
1560 3130 1640 3190 non
1672 3111 1793 3184 tam„

279 3229 475 3321 Codicum
506 3231 573 3342 (ut
600 3227 697 3318 salso
724 3228 791 3313 fibi
808 3212 1048 3315 Blanchinus
1075 3224 1302 3341 persuaderi
1329 3222 1517 3336 uoluit),
1547 3220 1661 3334 quim
1686 3215 1796 3348 indi·

279 3372 363 3436 tum
393 3357 430 3437 ei
461 3375 665 3441 promam
687 3372 867 3443 nomen,
895 3345 1059 3432 eatenus
1084 3342 1339 3442 inauditum,
1367 3340 1559 3427 demirata
1585 3331 1710 3422 suisset
1729 3334 1798 3416 Lt-

282 3467 532 3581 turgicorum
558 3463 820 3579 Respublica:
849 3463 1036 3576 precipui
1062 3462 1234 3550 cultores
1252 3465 1331 3546 eius
1354 3459 1497 3556 studii,
1526 3459 1677 3540 Summi
1703 3455 1795 3564 qui-

281 3583 370 3669 dem
403 3589 494 3674 Viri
519 3642 534 3688 ,
564 3583 670 3671 tituli
713 3584 894 3666 novitate
934 3580 1056 3667 exciti
1088 3578 1361 3669 communibus
1393 3574 1583 3691 suffragiis
1616 3567 1796 3653 Blanclri·

285 3728 377 3786 num
407 3701 670 3820 praeiudicatae
687 3700 961 3784 attributionis
982 3723 1091 3782 reum
1108 3693 1274 3792 dixere,
1305 3692 1381 3779 suis
1407 3692 1567 3804 quisque
1584 3711 1797 3801 argumen-

285 3823 336 3902 tis
363 3821 718 3906 Sacramentarium
749 3816 894 3898 Sancto
923 3816 1048 3900 Leoni
1076 3814 1229 3925 Magno
1257 3808 1543 3897 abiudicantes.
1577 3807 1626 3897 ln
1653 3795 1792 3887 hisCl.

282 3935 460 4022 Meretus
491 3935 562 4052 (b)
593 3959 640 4016 ex
661 3929 856 4044 Simplicii
883 3934 995 4044 Papae
1021 3936 1261 4034 mentione,
1283 3956 1401 4041 quam
1431 3932 1471 4010 in
1498 3926 1794 4011 eoSacramen·

284 4057 388 4136 tatio
424 4062 600 4167 reperit,
627 4046 823 4137 conficere
851 4048 1039 4152 videtur,
1069 4073 1157 4134 cum
1182 4044 1406 4156 Simplicius
1432 4041 1636 4152 aliquanto
1664 4062 1781 4151 quam

285 4165 373 4253 leo
398 4177 601 4260 recentior
637 4166 796 4254 fuerit:
830 4195 910 4249 non
941 4166 1083 4262 huius,
1111 4161 1175 4249 sed
1204 4160 1395 4271 Simplicii
1417 4178 1595 4270 tempore
1618 4151 1794 4241 conscri-

282 4305 403 4397 ptum
432 4320 521 4385 eum
536 4283 733 4371 Codicenr
762 4270 1508 4390 suilse,neque1.eouiattribuiposse.
1542 4279 1646 4360 Huic
1661 4290 1795 4357 autem

282 4425 545 4510 argumento,
562 4399 665 4510 quod
684 4400 800 4512 quim
817 4400 860 4483 lit
877 4396 1009 4480 efficax
1027 4423 1142 4483 nemo
1166 4421 1244 4479 non
1260 4392 1397 4496 videt,
1429 4401 1594 4480 Acamus
1608 4384 1795 4504 expedite

285 4516 502 4630 respondet
529 4572 544 4618 ,
585 4514 646 4600 vel
673 4519 863 4600 adiedlam
887 4512 1034 4599 Codici
1062 4512 1148 4627 post
1175 4530 1343 4598 mortem
1373 4510 1594 4621 Simplicii,
1621 4502 1794 4592 eiusdem

286 4639 733 4732 commemorationem,
763 4653 808 4720 vt
837 4629 883 4718 fit
914 4628 1091 4719 inlibris
1120 4628 1186 4742 qui
1219 4624 1300 4714 viui
1327 4626 1582 4716 Ecclesiatnm
1611 4622 1797 4825 deputati

1691 4759 1796 4848 unt3

332 4959 402 5043 (a)
424 4957 519 5027 Tan.
538 4955 601 5027 lv.
622 4952 773 5025 Anallasti
790 4948 866 5046 Pagi
882 4958 966 5025 XXI.
1072 4960 1146 5030 Par.
1171 4962 1195 5025 l.
1214 4971 1289 5042 pag.
1314 4963 1344 5017 Ι.
1372 4950 1437 5037 Ap.
1459 4951 1572 5019 Aean.
1597 4948 1672 5034 ΒΨ.
1692 4947 1727 5014 de
1744 4949 1804 5016 So·

331 5049 398 5124 (b)
420 5049 622 5116 lnobs'ervat.
639 5052 672 5118 δι
686 5047 914 5118 additionib.ad
927 5046 1013 5115 The·
1073 5056 1269 5121 caementario
1296 5051 1412 5119 Veron·
1431 5050 1467 5115 P·
1487 5048 1531 5113 ll·
1540 5058 1616 5129 pag·
1637 5053 1707 5108 126·

282 5132 360 5202 saur.
386 5137 465 5205 Sacr.
484 5137 616 5208 Rituum
630 5138 874 5209 BarnGavanti
891 5145 969 5210 Tana·
986 5140 1012 5208 1.
1276 5182 1279 5187 ·
