4184 5904
455 306 530 422 24

448 495 616 614 quidam
641 499 723 585 eius
751 490 1005 591 pontificatus
1033 498 1215 610 tempore
1249 496 1396 585 librum
1427 492 1683 609 composuisse
1707 496 1887 588 dicitur:
1920 508 1991 590 in·

455 640 530 733 quo
553 619 776 707 mandatum
811 627 1029 713 continetur
1053 622 1157 727 qaod
1183 622 1221 702 εἰ
1236 622 1426 730 pracepit
1453 621 1617 729 Angelus
1645 623 1803 702 Domini
1830 672 1844 717 ,
1879 645 1972 711 curn

457 736 511 819 od
530 758 615 821 erm
641 744 792 829 ueniret
812 744 855 819 r‘rr
880 738 1017 823 habitu
1042 730 1204 849 Prrslrrr‘r
1230 785 1246 831 ,
1274 732 1329 827 eir
1346 742 1536 846 precepit
1559 741 1632 834 ci,
1661 753 1706 820 ot
1735 739 1975 847 Saniium'

456 851 601 969 Pascha
627 856 692 939 dic
714 856 916 939 Domirieo
941 851 1231 940 celebraretur?
1261 846 1284 963 (
1294 853 1353 957 a)
1384 852 1477 935 Hac
1504 877 1554 934 ex
1587 850 1824 963 apocrypho
1850 858 1971 937 Con·
2039 860 2043 869 “

457 969 707 1060 stitutiouum
733 967 952 1055 Clementis
980 964 1081 1051 libro
1107 965 1155 1051 ad
1185 962 1443 1077 supplendam
1476 964 1734 1079 antiquissimi
1762 965 1970 1055 Liberiaui

457 1081 701 1194 Pontificum
725 1083 893 1199 catalogi
918 1083 1126 1180 lacunam,
1158 1100 1224 1167 ant
1249 1110 1297 1166 ex
1320 1085 1430 1167 ntus
1460 1080 1697 1196 quibusdam
1714 1082 1864 1171 Studia
1882 1085 1973 1169 Pu-

458 1200 654 1293 dentiaue
680 1207 864 1317 Virginis
894 1199 1062 1319 catalogi
1091 1198 1378 1310 descriptorem
1405 1217 1557 1285 temere
1596 1218 1827 1287 mutuatum
1867 1195 1971 1284 suis-

459 1316 500 1405 se
530 1317 745 1435 suspicatur
765 1320 906 1406 Senior
933 1316 1170 1407 Blauchinus
1204 1313 1273 1434 (b)
1307 1376 1318 1400 .
1349 1316 1480 1401 Erunt
1508 1309 1664 1403 fortasse
1699 1317 1769 1426 qui
1798 1314 1970 1429 propter

462 1435 729 1523 Asiaticorum
762 1464 852 1523 cum
890 1436 1083 1526 Romanis
1116 1433 1322 1551 Episcopis
1361 1432 1414 1519 de
1452 1430 1645 1522 Paschate
1695 1429 1966 1533 dissidium„

459 1552 572 1663 quod
600 1581 693 1639 mox
715 1550 787 1642 sub
814 1556 980 1642 Vidtote
1009 1556 1116 1671 Papa
1141 1549 1380 1653 recruduit,
1422 1555 1618 1673 integram
1648 1548 1861 1663 periodum
1887 1551 1974 1633 hu-

462 1670 524 1753 ius
554 1668 757 1757 Pontificis
786 1678 968 1785 tempore
1005 1672 1199 1762 adieliam
1231 1666 1396 1759 credant
1426 1723 1442 1771 ,
1472 1692 1519 1761 vt
1554 1667 1651 1755 sacri
1688 1668 1842 1755 scilicet
1874 1664 1975 1751 Pas·
2062 1754 2065 1761 ,

464 1784 590 1870 chatis
617 1793 659 1871 in
686 1788 753 1883 die
770 1790 984 1878 Dominica
1008 1790 1236 1909 religiosum
1264 1787 1411 1876 cultum
1443 1787 1585 1875 nedum
1609 1814 1658 1872 en
1677 1780 1973 1899 Apostolorum

464 1899 719 2006 traditione,
758 1900 823 1991 sed
849 1935 898 1993 ex
923 1909 1071 1998 Divina
1106 1935 1267 2024 quoque
1304 1905 1555 1992 institutione
1584 1900 1760 1991 derivati
1786 1898 1975 1987 osteode-

322 2018 326 2023 '
425 2132 432 2137 ι
464 2036 579 2109 rent.
611 2023 775 2107 Vtroris
801 2042 933 2107 autem
959 2025 1083 2115 modo
1107 2026 1146 2110 se
1173 2052 1234 2111 ree
1265 2024 1438 2121 habeat,
1469 2019 1570 2105 illud
1600 2021 1712 2105 certia
1743 2014 1797 2103 de
1828 2017 1974 2131 angeio

428 2182 435 2193 =
463 2138 510 2217 ir
533 2133 675 2222 habitu
689 2138 849 2255 Pastoris
872 2163 1119 2251 apparente,
1144 2139 1306 2231 alteram
1324 2128 1401 2224 esse
1420 2138 1569 2224 constat
1589 2162 1747 2239 earum,
1765 2157 1865 2253 quat
1883 2160 1976 2216 mo-

466 2248 524 2341 di>
553 2244 778 2339 dicebamur
805 2251 998 2362 laciniae,
1031 2258 1319 2371 isunpliciore
1355 2254 1489 2369 aliquo
1522 2275 1592 2365 per
1616 2253 1788 2362 speciem
1818 2248 1978 2363 pictatia

470 2384 620 2453 temere
657 2368 821 2457 historia
858 2368 1061 2478 assutam,
1103 2379 1262 2463 tertiam
1301 2367 1489 2459 videlicet
1525 2394 1690 2488 eamque
1729 2394 1811 2455 nou
1853 2358 1979 2463 infre,-

468 2502 657 2601 quentem
690 2484 987 2599 depravationis
1013 2490 1213 2580 Codicum
1240 2483 1417 2577 causam.

588 2602 747 2724 Qartae
777 2603 892 2687 nobit
919 2610 1145 2723 exemplum
1172 2603 1398 2717 suppeditat
1413 2602 1598 2687 Anastasi
1627 2630 1783 2689 comma
1813 2608 1856 2687 in
1894 2600 1978 2687 vita

473 2716 658 2804 Datnafi.
687 2722 786 2808 Fun
808 2740 939 2809 autern
960 2724 1153 2842 Damastes
1182 2720 1377 2835 (iuquit)
1405 2720 1640 2827 temporibus
1662 2720 1825 2823 ‘Julianr'
1853 2716 1981 2831 (c);

502 2857 560 2917 uae
582 2861 824 2946 quamquam
850 2836 994 2916 eodem
1020 2839 1242 2917 Blanchino
1267 2834 1364 2913 teste
1395 2829 1464 2942 (d)
1494 2854 1543 2909 eu
1569 2828 1794 2938 depravatis
1821 2830 1979 2913 Liberii

473 2862 586 3033 luis
608 2941 846 3029 descendere
870 2943 1050 3033 nonnulli
1075 2942 1358 3057 suspicentur:
1391 2945 1555 3053 propiis
1584 2959 1719 3028 tamen
1761 2970 1858 3032 tero
1888 2965 1982 3042 crc-¹

473 3054 647 3145 diderim
672 3114 689 3165 ,
718 3058 769 3146 ab
802 3060 994 3172 imperito
1019 3061 1077 3150 rei
1113 3056 1406 3169 chronologica
1433 3052 1645 3179 glossatore
1666 3084 1745 3144 ota
1771 3057 1982 3172 primims

475 3170 623 3261 codicis
650 3174 866 3290 apposrtt;
897 3174 1106 3293 indeque,
1139 3193 1187 3267 vt
1207 3176 1253 3264 fit
1277 3228 1293 3277 ,
1321 3180 1362 3260 in
1391 3190 1545 3285 textum
1575 3170 1762 3291 irrepsisse
1789 3178 1838 3263 ab
1869 3182 1984 3262 auti·

475 3297 618 3405 quatio
643 3290 794 3380 scilicet
822 3292 1068 3385 introducta.
1101 3296 1200 3380 Eius
1227 3293 1328 3377 mihi
1357 3296 1415 3377 rei
1444 3289 1565 3381 fidem
1594 3319 1703 3405 pane
1737 3286 1832 3379 facit
1858 3293 1990 3380 indu-

475 3407 609 3512 biam,
638 3408 748 3525 qudd
775 3407 801 3493 sr
833 3411 952 3497 uerba
975 3409 1039 3497 illa
1066 3411 1240 3523 stirpitus
1268 3405 1294 3494 ὲ
1322 3425 1437 3499 textu
1461 3405 1677 3510 avulserit,
1710 3405 1856 3497 nedum
1892 3404 1986 3507 seue

473 3520 533 3608 sus
557 3523 784 3636 perseverat
807 3525 992 3641 integer,
1021 3523 1088 3615 scd
1113 3529 1152 3609 δε
1184 3528 1416 3613 narrationis
1442 3520 1557 3611 series
1588 3553 1670 3613 non
1705 3531 1784 3613 iam
1818 3545 1863 3611 vt
1893 3529 1981 3640 pri-

476 3637 570 3725 dem
589 3639 774 3729 videatur
801 3643 1046 3752 interrupta.
1077 3638 1288 3751 Quidquid
1303 3657 1434 3721 autem
1460 3639 1560 3720 illud
1583 3640 1733 3744 fucrit,
1752 3640 1982 3729 falfiffimam

476 3782 528 3841 eo
551 3769 749 3841 commate
776 3759 1089 3839 enuntiationem
1118 3755 1318 3839 contineri
1347 3745 1596 3839 manifestum
1626 3752 1710 3859 eli,
1739 3784 1832 3841 cum
1857 3757 1983 3844 Iulia-

477 3896 550 3953 nus
582 3874 678 3952 rivo
703 3865 865 3952 Liberio
888 3868 940 3955 ad
966 3871 1020 3954 V.
1047 3864 1196 3956 scilicet
1223 3865 1310 3954 Cal.
1339 3867 1453 3953 Iulias
1479 3893 1585 3954 anuo
1609 3868 1876 3959 CCCLXlll.
1907 3876 1985 3963 iarn

365 3988 370 3995 '
476 3981 585 4067 diem
615 3978 728 4068 suum
748 3975 929 4091 obiisset,
959 3982 1001 4069 id
1027 3982 1082 4071 est
1099 3982 1225 4073 solido
1254 3989 1427 4072 triennio
1458 3984 1553 4072 auti
1586 3986 1742 4071 Damasi
1770 3988 1989 4079 Pontifica-

477 4118 591 4203 tum,
610 4102 717 4187 cuius
743 4098 900 4188 initium
925 4100 1151 4188 iCaiendis
1179 4102 1340 4191 demum
1354 4102 1593 4187 Odiobribus
1608 4109 1702 4187 anni
1719 4104 1990 4193 CCCLXVI.

474 4217 737 4304 Gratiano&
772 4217 997 4335 Dagiaipho
1031 4212 1139 4303 coss.
1176 4215 1455 4330 auspicandum
1486 4216 1568 4337 ipse
1612 4218 1856 4331 Blancltiuus
1893 4230 1990 4329 eti}

467 4331 612 4427 denter
643 4328 929 4419 demonstrarit
959 4336 1053 4449 (e).

597 4447 720 4562 Qod
746 4444 796 4533 ad
826 4446 1139 4573 chronologiam
1157 4460 1335 4554 attinet,
1363 4454 1405 4541 id
1433 4458 1489 4546 cst
1519 4463 1559 4547 in
1588 4453 1831 4572 designanda
1860 4465 1992 4548 ratini

523 4686 576 4782 [a]
596 4685 683 4761 Vide
703 4688 845 4759 Anastas-
867 4696 898 4758 irt
918 4694 971 4760 Pio
987 4696 1066 4761 Tam.
1080 4697 1108 4762 Ι.
1125 4700 1200 4785 Peg.
1305 4688 1351 4783 [c]
1375 4694 1547 4766 Anastasius
1569 4700 1604 4763 itt
1625 4700 1777 4787 Damaso.
1937 4607 1990 4665 ⁰⁶

476 4799 596 4936 putten
619 4803 684 4869 quo
711 4780 773 4852 hac
798 4784 836 4850 ad
857 4780 993 4889 litteram
1016 4782 1202 4869 descripta„
1260 4788 1376 4946 pald]
1416 4796 1494 4858 Trn-
1521 4790 1582 4854 lll·
1615 4795 1760 4880 Anastafii
1788 4790 1821 4856 in
1850 4788 1992 4860 Damaso

524 4953 573 5054 [b]
599 4967 676 5031 liet.
691 4968 731 5031 ll.
748 4970 850 5056 Arest.
875 4962 903 5031 iu
918 4966 973 5036 l'io
985 4968 1014 5035 1.
1031 4973 1108 5057 Peg·
1124 4991 1199 5044 1¹7·
1301 4906 1343 5056 fc
1359 4904 1442 5051 ἢ
1473 4968 1636 5053 Prolcgorr.
1664 4977 1709 5041 ll·
1743 4978 1824 5043 Tomi
1849 4977 1988 5062 Atostafi

484 5047 566 5121 lrttn
587 5056 665 5136 Peg.
689 5072 762 5123 122.
1254 5062 1336 5145 Pug-
1351 5059 1503 5127 LXVIII.
1522 5062 1586 5127 Crl.
1607 5084 1637 5128 r.
