4156 5910
423 275 533 389 116

420 492 597 582 validum
627 495 748 579 aetatis
781 488 979 577 Codicum
1010 504 1292 605 argumentum
1315 472 1527 581 deducitur
1554 547 1569 593 ,
1599 495 1752 578 eum&
1785 495 1826 579 in
1859 522 1927 582 re-

417 610 593 697 centibus
628 610 737 692 libris
775 612 989 722 Liturgicis
1022 613 1194 725 antiquae
1223 612 1451 725 plerumque
1478 610 1691 696 Orationes
1723 611 1929 699 retinean-

415 748 515 836 tur3
542 730 581 808 δι
610 726 704 811 aliais
727 729 939 827 cennius,
969 725 1060 815 licet
1089 758 1132 815 ea
1159 728 1237 839 ipsa
1262 734 1406 816 Oratio
1437 735 1476 812 in
1504 731 1707 814 Breviario
1741 730 1929 817 Mozata·

415 844 536 941 bico,
559 842 654 928 teile
678 843 892 929 Blanchino
922 849 1024 954 (a),
1056 847 1304 954 reperiatur,
1333 846 1376 930 id
1400 847 1640 931 Breviorium
1668 842 1717 933 ad
1747 841 1926 933 sarculum

412 960 468 1045 X.
501 958 702 1071 pertinere
738 961 883 1047 censuit
914 960 984 1074 (b)
1014 1022 1025 1045 .
1059 958 1297 1072 Ampullaris
1323 983 1506 1071 praeterea
1533 960 1695 1047 Codicis
1721 962 1762 1046 in
1791 960 1928 1074 pleris-

410 1105 493 1189 que
511 1075 606 1163 locis
623 1073 729 1161 stilus
754 1076 944 1161 Carolina
971 1078 1179 1160 minimum
1209 1096 1421 1188 tempora,
1449 1096 1565 1188 atque
1594 1100 1810 1166 extremam
1826 1106 1927 1192 prac-

409 1190 528 1280 sefert
552 1193 767 1278 barbariem
797 1193 890 1309 (c),
919 1191 1072 1302 qualem
1103 1190 1187 1276 His
1181 1194 1299 1302 punire
1325 1190 1491 1290 noilrae,
1518 1220 1563 1275 ex
1585 1194 1723 1280 Alvnri
1755 1196 1927 1281 Cordu-

411 1307 537 1396 bensis
567 1314 741 1421 quinon
770 1309 891 1422 longe
917 1311 965 1394 ab
994 1339 1044 1395 eo
1072 1306 1208 1393 saeculo
1232 1307 1366 1399 floruit
1391 1309 1613 1398 testimonio
1642 1313 1741 1424 (d),
1766 1314 1926 1398 Mauri·

413 1453 459 1507 ca
485 1421 649 1511 uastatio
670 1426 807 1513 intulit
836 1449 851 1527 3
883 1432 1039 1524 imm0,
1067 1425 1092 1507 fi
1124 1426 1213 1511 Deo
1238 1425 1363 1536 placet
1391 1478 1405 1525 ,
1434 1422 1551 1538 ipsius
1590 1431 1708 1513 etiam
1738 1430 1924 1515 Mauricae

412 1538 498 1626 His
518 1547 612 1625 aniae
640 1546 862 1630 unitationis
888 1571 965 1628 non
997 1537 1153 1625 obscura
1186 1545 1224 1623 in
1256 1572 1304 1627 eo
1329 1539 1484 1627 Codice
1517 1542 1680 1654 vestigia
1711 1542 1920 1632 observare

407 1685 465 1775 po
497 1686 605 1747 umus
635 1661 764 1778 (e).
806 1657 885 1745 Sed
914 1655 1167 1749 intermitlam
1196 1658 1507 1771 disputationem
1546 1655 1802 1747 resumamus.

449 2582 507 2665 (a)
532 2582 560 2656 E
584 2584 705 2676 regione
738 2588 802 2657 eius
824 2589 968 2660 orationis
992 2593 1022 2659 in
1049 2615 1129 2659 mar-
1233 2592 1290 2677 (e)
1315 2593 1353 2662 In
1376 2593 1471 2666 Orat·
1493 2594 1532 2660 de
1554 2593 1585 2661 S·
1599 2590 1759 2677 Stephano
1780 2596 1857 2683 Png.
1873 2615 1923 2675 4¹·

403 2670 474 2756 gine
491 2684 567 2765 Peg.
589 2697 639 2758 56.
666 2679 802 2768 legitur:
828 2731 856 2768 „
876 2690 928 2756 Br·
958 2692 1049 2755 Mne·
1067 2688 1131 2771 sul.
1182 2685 1245 2770 snb
1263 2693 1332 2755 init·
1356 2733 1382 2768 ‚‚
1400 2683 1616 2752 vtmunitione
1638 2680 1714 2751 fidei
1738 2684 1922 2752 Christiane

403 2807 430 2841 υ
458 2789 531 2849 352·
546 2778 609 2840 Col·
629 2798 658 2840 r.
1189 2820 1215 2855 ‚,
1228 2772 1267 2846 O
1280 2798 1403 2847 enter-nn
1418 2783 1496 2845 bellu
1502 2779 1675 2864 superantes
1697 2776 1731 2842 &
1755 2772 1920 2855 intimaa,

318 2912 322 2919 ·
443 2857 504 2943 (b)
530 2869 1129 2955 Toni·1.Antiq·Eccl·Hrspan·Pag·
1190 2909 1216 2943 ,‚
1229 2885 1370 2933 aeternam
1385 2889 1554 2933 mereamur
1563 2865 1696 2950 pertrahi
1705 2866 1917 2931 mentonem..

399 2954 456 3014 ²⁸·
486 2948 525 3020 (t
540 2956 608 3038 seq·
628 2979 658 3020 n·
683 2962 775 3022 VIII.
808 2956 846 3023 O
870 2965 909 3019 X.
930 2958 1011 3036 apud
1034 2954 1129 3017 Blan·
1188 2955 1293 3018 Paullo
1309 2956 1484 3024 int‘eridsde
1497 2957 1605 3023 eodem
1621 2952 1769 3039 Stephano
1782 2956 1916 3041 Peg-41·

399 3034 483 3102 chin.
502 3045 674 3109 Oratinnar.
698 3048 774 3126 Png.
790 3047 963 3109 CXXXIII.
977 3038 1093 3128 Oseq·
1188 3089 1214 3123 ‚,
1228 3064 1262 3113 ut
1282 3056 1364 3115 cuine
1385 3055 1498 3117 uirtute
1517 3053 1794 3117 multitudodtnittu
1816 3051 1852 3125 est
1874 3051 1920 3111 in·

445 3131 499 3210 (c)
519 3131 604 3198 Inter
626 3130 685 3197 alia
706 3130 891 3198 Orationem
909 3132 939 3198 S.
958 3131 1128 3220 Hippolyti
1185 3139 1337 3222 fidelium,
1363 3136 1428 3203 eius
1440 3134 1579 3225 lirffragio
1595 3133 1733 3204 firmetur
1752 3134 1815 3220 iper
1828 3130 1923 3201 antia

399 3215 559 3308 selegimus
571 3246 638 3310 qua
650 3220 778 3289 babetur
790 3220 820 3288 io
833 3222 1034 3294 Orationario
1051 3231 1128 3314 Peg·
1192 3226 1444 3309 credentium„
1470 3229 1554 3316 Qtae
1578 3230 1643 3296 lane
1665 3228 1808 3313 ambigua
1823 3222 1921 3288 sunt..

404 3336 481 3395 ¹3¹·
509 3361 535 3394 „
567 3312 637 3380 Lux
663 3315 858 3403 Angelorum
883 3320 917 3385 δι
942 3316 1132 3383 bominum„
1192 3320 1272 3384 Item
1310 3319 1388 3387 inter
1423 3319 1591 3389 Orationes
1630 3321 1669 3386 de
1692 3320 1723 3385 S.
1753 3313 1922 3385 Vincentio

400 3446 426 3482 „
449 3402 592 3487 splendor
612 3451 623 3485 ,
645 3404 768 3473 dierum
786 3409 823 3473 δι
848 3424 1043 3492 temporum,
1062 3430 1133 3473 can·
1193 3407 1244 3477 M.
1261 3412 1332 3496 Peg·
1347 3429 1397 3477 60.
1422 3456 1448 3491 „
1473 3408 1615 3477 Domine
1628 3409 1716 3476 Deus
1730 3406 1784 3497 qui
1799 3405 1922 3472 salutem

398 3532 426 3574 2,
450 3496 506 3561 dor
527 3496 695 3564 animarum
718 3502 751 3563 bt
774 3521 968 3582 corporum,
993 3518 1133 3564 crinitae
1193 3547 1220 3583 „
1244 3500 1366 3588 regibus
1389 3502 1479 3567 donas
1494 3504 1528 3568 δι
1547 3500 1722 3588 Martyrem
1744 3518 1830 3565 tuum
1842 3493 1924 3565 vin·

400 3632 428 3668 „
452 3585 593 3657 Domine
607 3588 696 3656 Dens
712 3591 751 3655 ob
765 3592 964 3657 reverentiam
981 3590 1024 3655 tui
1042 3589 1131 3656 Mar·
1193 3638 1220 3672 „
1243 3590 1379 3657 centium
1392 3594 1432 3658 de
1446 3590 1645 3678 malignorum
1658 3590 1760 3677 gladio
1773 3590 1923 3656 liberata:

400 3678 533 3765 „tyris
563 3678 733 3769 Hippolyti
765 3676 978 3748 flammicomae
1010 3679 1133 3747 claritu·
1192 3686 1290 3749 libtrc
1307 3702 1353 3745 nur
1376 3687 1512 3747 dcrnnnn
1526 3688 1657 3766 filiarum
1678 3689 1863 3757 alienorum,
1889 3692 1925 3743 ut

401 3813 428 3849 ‚‚
450 3769 530 3835 dinis
553 3793 664 3838 munus
685 3773 847 3848 oblatum,
872 3769 1000 3835 lucifluo
1027 3764 1132 3835 saneti
1195 3773 1409 3856 infidinntibns'
1431 3777 1553 3840 inimicit
1577 3778 1641 3837 nita
1665 3776 1757 3856 nostra
1789 3792 1844 3837 non
1864 3784 1925 3852 pu·

400 3904 427 3942 ,‚
451 3858 580 3944 Spirinir
602 3861 775 3948 respergens
799 3859 937 3944 inlaptir,
961 3858 1021 3925 tuis
1044 3854 1132 3924 effice
1193 3879 1283 3933 tenta
1304 3882 1354 3927 nec
1368 3866 1485 3932 illorum
1498 3866 1665 3948 procaciter
1679 3863 1765 3947 faevo
1778 3865 1813 3926 dc
1827 3864 1926 3928 ruine

398 3994 428 4035 „
455 3951 578 4017 nutibus
598 3952 769 4036 placitum,
796 3950 882 4016 uobis
909 3951 1002 4017 redde
1025 3948 1132 4034 prodi·
1195 3957 1297 4039 nestrae
1318 3955 1425 4039 cufibnr
1447 3956 1632 4039 otterestat,
1647 3955 1705 4038 sed
1717 3956 1823 4038 gladic
1840 3951 1925 4016 uerbi

398 4091 428 4127 ‚,
452 4038 547 4109 ficum
570 4067 578 4108 :
614 4060 649 4111 vt
668 4044 702 4109 δι
722 4037 835 4109 rilibili
861 4042 980 4131 fulgure
1002 4039 1130 4129 nigroris
1191 4050 1240 4111 tui
1268 4049 1376 4111 accinti
1401 4040 1441 4112 O
1470 4048 1519 4111 hic
1543 4045 1667 4126 ardrensi}
1686 4046 1856 4129 superemur
1881 4044 1926 4104 itt·

401 4182 427 4218 ‚,
450 4130 607 4220 noOivagi
624 4134 713 4201 furva
727 4139 895 4214 coerceat,
923 4138 955 4200 &
981 4128 1132 4201 invisibili
1191 4139 1302 4219 trepidi
1326 4132 1412 4202 Oc..
1436 4133 1517 4198 Item
1535 4134 1575 4199 de
1588 4137 1657 4201 eorl.
1675 4130 1750 4197 ibid.
1777 4176 1804 4210 „
1831 4126 1925 4193 Deus

403 4274 429 4308 ,,
454 4246 582 4290 munere
608 4224 828 4293 maledulcium
855 4223 955 4291 scabra
978 4222 1134 4308 peccami-
1192 4268 1219 4303 „
1244 4223 1299 4309 qui
1320 4220 1529 4289 Beatiffimum
1544 4221 1717 4314 Martyrem
1741 4239 1826 4286 tuum
1841 4217 1925 4315 Viu-

403 4364 430 4402 „
455 4338 526 4381 num
553 4334 648 4384 errata
667 4315 845 4384 consumar.
1191 4359 1218 4393 ,‚
1244 4313 1405 4396 rentium,
1422 4320 1508 4401 plebi
1529 4336 1592 4384 tnae
1602 4339 1714 4384 tnnrrnn
1728 4335 1833 4379 arcun
1842 4326 1926 4398 pra·-

445 4412 493 4479 (ὀ)
516 4411 550 4474 In
577 4412 710 4478 indiculo
733 4412 875 4494 luminoso
890 4431 939 4493 ap·
956 4403 1132 4485 florezium
1184 4410 1312 4491 stitisti,
1342 4426 1377 4474 ut
1397 4410 1541 4473 bellantes
1566 4426 1668 4476 cantra
1684 4408 1720 4493 fi·
1743 4406 1925 4471 mirabiliter

402 4494 540 4564 nollrum
559 4502 636 4566 Turn·
655 4505 687 4564 X
688 4505 710 4567 Ι.
730 4502 821 4584 Hisp·
835 4508 936 4569 Sacra
961 4505 1039 4586 Fag·
1054 4516 1131 4576 274·
1193 4503 1311 4564 numinis
1331 4504 1380 4565 tni
1395 4504 1508 4565 virtute
1523 4503 1688 4565 devinceret
1709 4539 1717 4557 .
1742 4490 1923 4578 Denique-2

402 4585 567 4675 „Legem
595 4588 757 4678 (inquit)
779 4588 857 4654 litam
876 4587 1012 4655 nesciunt
1034 4587 1132 4665 (His-
1193 4581 1298 4651 eidem
1329 4585 1439 4673 pagini
1476 4586 1528 4652 litb
1561 4583 1615 4653 fin.
1637 4587 1670 4651 ἃ
1701 4583 1769 4650 init.
1795 4580 1926 4668 sequen-

403 4725 429 4763 „
455 4677 546 4763 pani)
570 4680 603 4745 δι
623 4678 757 4768 linguam
772 4678 930 4764 propriam
952 4703 1011 4744 uon
1025 4679 1133 4744 adrer-
1195 4675 1252 4757 tie,
1280 4721 1307 4758 ,‚
1329 4676 1541 4763 Omnipotens
1565 4678 1656 4744 Deus
1677 4676 1732 4765 qui
1747 4671 1927 4740 Beatiffimo

405 4816 432 4853 ,‚
455 4786 525 4835 tunt
548 4768 653 4837 Latini
676 4797 686 4847 ς
715 4769 756 4835 ita
778 4786 811 4836 rr
835 4769 866 4834 io
889 4768 974 4837 omni
1001 4787 1134 4834 cuntem
1195 4814 1221 4850 „
1248 4769 1415 4837 Vincentio
1430 4768 1593 4855 prestitisti
1607 4816 1618 4851 ,
1643 4788 1675 4835 vt
1692 4791 1745 4853 per
1757 4784 1788 4831 te
1801 4760 1923 4831 fierem:

405 4907 432 4943 „
457 4859 606 4948 Collegio
622 4861 674 4928 vix
689 4859 861 4927 inveniatur
885 4884 963 4927 vous
988 4860 1016 4924 in
1043 4862 1137 4925 mille·
1195 4906 1222 4940 2,
1245 4866 1279 4927 dc
1302 4869 1396 4930 milite
1419 4867 1495 4928 Dine
1509 4864 1641 4946 deseret
1667 4867 1773 4927 arnicnr
1787 4883 1793 4927 :
1808 4882 1814 4923 :
1829 4881 1836 4921 :
1851 4877 1928 4937 prte-

406 4998 433 5032 ‚,
457 4974 498 5015 no
516 4953 679 5019 bominum
701 4974 854 5029 numero,
873 4949 926 5037 qui
951 4950 1134 5016 salutatorias
1197 4997 1222 5032 „
1248 4949 1291 5015 lla
1314 4954 1474 5035 placatur,
1498 4969 1531 5015 rt
1556 4952 1729 5016 interrentu
1757 4948 1928 5013 l'edulo:::

405 5088 433 5124 ‚,
458 5042 543 5105 l'ratri
574 5043 662 5128 polsrt
680 5039 901 5109 rationabiliter
920 5038 1052 5128 dirigere
1082 5040 1135 5107 lit·
1197 5088 1222 5123 ‚,
1247 5042 1389 5109 adhibeat
1412 5050 1530 5111 rnilitiae
1553 5047 1734 5128 Ayifptrnan
1755 5084 1766 5117 ‚
1784 5042 1930 5123 J'ernitnti

406 5178 435 5218 η
460 5150 556 5200 terat.
887 5154 890 5159 '
1197 5177 1224 5215 „
1247 5140 1416 5203 libertatern
1434 5130 1496 5205 Or·
1514 5133 1588 5198 Sunt
1606 5128 1729 5195 tortaffis
1742 5127 1821 5195 alia.
1850 5150 1853 5155 ·
