4184 5904
308 328 311 333 ’
432 339 536 447 1·12

427 553 590 638 tyrum,
621 546 784 631 quorum
804 511 934 599 laudes
955 516 1136 625 peculiari
1167 522 1331 624 Hymnn
1360 512 1569 600 celebrauit
1596 513 1875 633 Prudentius(
1907 522 1954 641 )

426 637 708 728 Calendarium
739 634 898 719 demum
921 630 1094 719 Eccleliae
1125 630 1442 745 Carthaginenlrs
1460 630 1599 731 Afros,
1633 637 1751 720 immo
1774 636 1957 724 eiusdem

426 760 545 844 Vrbis
577 753 773 862 Martyres
802 749 999 837 interdum
1027 751 1143 839 filet.
1177 752 1271 834 Non
1303 750 1496 837 Rutilium
1529 750 1721 850 exhibet,
1751 760 1820 866 qui
1848 755 1954 840 telle

426 867 708 969 Tertulliano,
739 867 823 980 poll
840 875 1009 952 eviratos
1025 863 1160 980 sapius
1186 863 1449 976 persecutores
1468 920 1483 965 ,
1505 864 1666 953 tendens
1683 873 1953 981 comprehen-

426 988 489 1077 sus
517 994 608 1106 igne
632 985 869 1092 martyrium
895 983 1181 1069 consummavit
1210 982 1307 1094 (b).
1339 994 1432 1070 Non
1465 981 1687 1084 Mavilum,
1714 994 1855 1097 quiex
1888 1016 1959 1073 eo·

427 1105 518 1199 dem
560 1103 805 1188 Tertulliano
837 1101 890 1184 ad
931 1104 1135 1214 Scapulam
1175 1101 1278 1209 apud
1321 1098 1611 1225 Adrumetuntp
1635 1105 1852 1215 (Taulbam
1885 1099 1954 1189 seu

424 1223 737 1312 Mahammetam
777 1216 974 1300 Ferrarius
1006 1215 1029 1330 (
1043 1249 1063 1304 c
1082 1222 1128 1330 ),
1157 1217 1493 1305 Hammamrrhasn
1526 1216 1776 1315 Baudrandus
1808 1237 1960 1320 vocat,

428 1368 509 1425 non
538 1331 655 1450 longe
683 1331 705 1417 i
732 1334 1001 1444 Carthagine)
1031 1334 1100 1418 sub
1127 1337 1277 1451 Severo
1303 1331 1351 1418 ad
1369 1335 1503 1422 bellias
1532 1333 1739 1423 damnatus
1770 1337 1826 1422 est
1856 1336 1957 1453 (d)

428 1459 526 1540 Non
557 1450 717 1536 demum
748 1442 929 1563 ballum,
960 1445 1458 1562 Fortunionenr,aliosque
1484 1450 1816 1563 Carthaginenses
1841 1454 1958 1536 Mar·

431 1589 541 1682 tyres
572 1572 610 1651 in
641 1569 838 1681 Cypriani
875 1563 1046 1674 epistolis
1085 1563 1293 1663 laudatos,
1326 1586 1369 1653 vt
1391 1566 1459 1657 Cl.
1488 1564 1719 1653 Ruinartius
1747 1567 1811 1683 (e)
1833 1566 1959 1654 tella-
2032 1571 2036 1578 ’

429 1711 494 1774 rur
522 1749 532 1770 .
564 1683 673 1796 Qid
701 1686 826 1799 igitur
855 1682 869 1761 ἓ
902 1682 964 1764 An
998 1707 1043 1764 ex
1078 1677 1278 1794 utriusque
1309 1682 1436 1777 huius,
1452 1681 1620 1769 Codicis
1649 1682 1841 1785 silentio,
1877 1712 1957 1791 nec

429 1810 582 1915 priores
608 1799 691 1884 illos
718 1795 944 1906 Hispanos,
978 1824 1105 1908 neque
1132 1799 1365 1909 posteriores
1393 1801 1462 1889 hos
1493 1799 1689 1916 Martyres
1715 1798 1834 1890 Afros
1857 1793 1951 1890 fuis-

430 1917 469 2017 ,ἡ
499 1913 803 2003 affirmabimus?
1269 2000 1272 2005 ,
1651 1941 1660 1951 ·

548 2031 735 2133 Iuvabit,
756 2031 931 2141 opinor,
958 2034 1024 2122 Cl.
1052 2037 1239 2124 Auctoris
1267 2035 1533 2129 testimonium
1562 2044 1603 2127 in
1630 2042 1745 2131 huius
1763 2040 1954 2128 dostrinae

432 2151 769 2238 confirmationem
798 2149 1026 2256 adducere,
1056 2183 1105 2240 ex
1135 2182 1217 2270 quo
1242 2152 1378 2243 eidem
1407 2156 1529 2272 operi
1548 2157 1848 2272 intelligemus,
1880 2177 1955 2239 cur

433 2263 619 2355 nonnulli
649 2266 844 2376 Martyres
872 2269 1110 2382 inpropriis
1138 2277 1256 2360 etiam
1273 2274 1449 2362 Ecclefiis
1483 2275 1681 2363 intetdutu
1709 2283 1955 2365 omitteren-

434 2411 527 2471 tur.
551 2382 638 2467 Sad
663 2390 764 2496 quid
786 2386 838 2470 ad
857 2408 940 2474 tara
964 2407 1096 2477 astera
1122 2392 1295 2498 exempla
1311 2402 1551 2480 recurrimus
1581 2390 1750 2504 (inquit
1778 2395 1957 2475 Ruinar-

435 2504 515 2591 tius
544 2501 593 2585 de
632 2503 855 2611 Martyrum
894 2501 1048 2588 silentio
1086 2509 1125 2587 in
1151 2506 1262 2586 Vett.
1293 2505 1544 2591 Calendariis
1575 2506 1670 2623 (f)
1701 2565 1715 2609 ,
1744 2503 1907 2620 loquens
1939 2505 1963 2613 )

437 2647 522 2712 cum
549 2620 593 2704 id
612 2619 734 2736 ipstsm
759 2625 803 2704 iu
827 2619 1019 2706 hodiernis
1033 2620 1279 2708 Calendariis
1306 2633 1436 2730 quiuis
1460 2622 1662 2736 abstruare
1679 2626 1806 2742 facile
1820 2640 1969 2735 queste

435 2747 480 2828 ia
512 2735 650 2850 quibus
673 2764 746 2824 ran
760 2733 893 2853 saltim
921 2762 1148 2826 exterarum
1163 2788 1178 2836 ,
1194 2733 1276 2851 ssd
1305 2745 1425 2827 stiam
1447 2742 1681 2830 viciniarum
1707 2742 1762 2841 έν
1778 2744 1961 2851 Compro-

436 2859 664 2943 uiuciuliura
702 2853 949 2970 Esclsstarum
981 2857 1177 2967 Martyres
1204 2855 1256 2951 θ’
1291 2856 1480 2954 Patraui,
1510 2857 1802 2969 utplurimum
1823 2879 1957 2961 και.»

437 2971 713 3071 celebrantur,
741 2977 856 3056 imma
879 2973 1104 3084 quandoque
1142 2976 1251 3058 unius
1282 2974 1385 3060 lisele
1398 2998 1446 3055 tu·
1472 2975 1706 3082 Martyres,
1748 2989 1820 3060 aut
1858 2973 1955 3079 lipi-

423 3087 538 3209 scapi
573 3092 618 3171 ia
657 3091 786 3173 alicua
809 3085 967 3198 tcctssta
1006 3090 1216 3184 saluatur,
1273 3095 1315 3176 ui
1358 3091 1506 3175 uallum
1548 3087 1689 3174 bahem
1719 3087 1965 3199 inproprie:

436 3208 609 3293 cultum.
640 3205 774 3325 „Quoi
793 3204 875 3288 idei
886 3204 1044 3317 fhiium
1060 3223 1162 3317 puta
1190 3200 1210 3314 (
1231 3114 1397 3322 (subdit)
1426 3200 1667 3318 quadrarum
1687 3197 1951 3317 reliquiusa-

436 3345 514 3409 cra
539 3319 616 3407 alii
643 3325 848 3412 translata
862 3319 1054 3438 fheriat,
1084 3339 1156 3410 aut
1184 3323 1289 3408 certi
1317 3321 1417 3437 quid
1436 3348 1568 3439 ¹aarum
1596 3316 1693 3409 Atia
1726 3348 1799 3410 aaa
1825 3316 1952 3405 habe-

435 3455 603 3525 rentur.

556 3553 702 3641 Firmat
727 3552 893 3641 mirificis
922 3554 1021 3643 hanc
1040 3553 1265 3642 doctrinam
1296 3553 1357 3639 Cl.
1382 3556 1659 3656 Muratorius,
1697 3562 1758 3644 cui
1777 3576 1865 3642 cum
1881 3561 1961 3667 noi

437 3695 530 3758 uum
556 3669 681 3759 visum
708 3667 869 3774 fuillet,
893 3673 1039 3760 Sansiae
1068 3674 1257 3786 Eugeniae
1278 3673 1518 3785 Virginis&
1542 3673 1739 3785 Martyris
1767 3670 1963 3764 fellunls,

1883 3812 1958 3872 cu·

484 4029 531 4108 (a)
558 4036 701 4195 Septimus
723 4040 746 4104 is
763 4039 804 4122 est
820 4039 851 4104 ir
873 4004 1011 4107 Ediriass
1025 4039 1170 4107 Wsirsii·
1274 4034 1337 4116 (i)
1359 4073 1386 4110 „
1408 4025 1486 4097 Tibi
1517 4051 1642 4120 quoque
1674 4032 1865 4118 (Scapulam
1887 4029 1973 4100 M

482 4118 541 4200 (b)
552 4166 578 4200 2>

441 4253 467 4288 „
491 4210 581 4280 toties
612 4213 731 4302 sugillet
760 4214 1004 4304 persecutionem
1035 4207 1075 4283 de
1099 4218 1169 4282 loco
1226 4211 1380 4301 lapairur)
1396 4257 1422 4294 „
1446 4210 1841 4297 optamusudmonltionem
1864 4209 1963 4276 solato

439 4344 466 4380 υ
493 4303 523 4369 in
549 4304 673 4373 locum:
696 4310 730 4372 δι
753 4306 812 4374 iarn
837 4307 1039 4392 periculum,
1064 4324 1170 4388 vtpu-
1227 4347 1255 4384 „
1280 4298 1366 4369 sullis
1385 4303 1470 4392 quod
1493 4325 1566 4371 cum
1590 4302 1827 4371 Adrumeticum
1850 4299 1961 4369 Mari·

440 4435 467 4471 ,‚
491 4395 602 4472 tabat,
626 4395 758 4463 nummis
781 4395 973 4466 redemisset:
995 4419 1076 4466 ::ex
1100 4394 1170 4461 ino-
1225 4438 1254 4478 ,‚
1283 4395 1348 4460 lum
1370 4396 1407 4461 ad
1434 4394 1542 4462 bestias
1561 4393 1749 4475 demandes,
1771 4395 1805 4461 δι
1825 4394 1964 4463 statim..

441 4526 468 4558 ,‚
493 4482 599 4568 pineto
616 4485 816 4568 apprehensus
840 4491 875 4555 dt
904 4485 1022 4556 l‘taefidi
1047 4489 1170 4555 oblatus
1231 4530 1258 4566 „
1282 4486 1344 4550 bac
1366 4483 1656 4554 vexatiol'ubsteuta
1679 4485 1750 4567 cll,
1772 4487 1808 4552 δι
1823 4509 1906 4555 nunc
1920 4506 1962 4552 err

440 4615 469 4649 υ
492 4573 651 4642 tormentis
665 4573 837 4660 diffipaus,
860 4581 953 4648 credo
964 4602 1021 4666 pro
1034 4578 1112 4667 fugae
1123 4602 1173 4644 ca·
1231 4621 1259 4655 „
1283 4575 1392 4642 eadem
1429 4575 1516 4644 causa
1551 4575 1757 4662 interpellatio
1790 4573 1964 4666 sauguinis.

441 4704 467 4740 ss
492 4666 668 4751 lllgatione:
691 4667 802 4734 dehinc
826 4667 945 4754 ignibus
965 4671 1082 4749 datus,
1105 4666 1173 4754 pas·
1219 4659 1361 4733 ‘Terruit
1393 4672 1465 4737 Lib·
1490 4672 1532 4737 ud
1551 4675 1709 4757 Scapulam
1739 4667 1823 4755 cap.
1844 4668 1908 4738 111.
1933 4690 1967 4737 o·

439 4794 468 4831 2,
491 4753 1091 4845 sionem,quamvitim,mrsericsrdiu
1104 4757 1170 4828 Dei
1228 4756 1294 4822 111.
1777 4774 1783 4785 ·

441 4886 469 4925 „
493 4849 597 4917 retulit
622 4893 631 4916 .
656 4848 869 4917 Tertullianus
887 4849 961 4918 Lib.
986 4857 1036 4919 De
1057 4855 1171 4938 suga„
1274 4848 1344 4932 (r)
1369 4851 1406 4918 In
1425 4850 1510 4935 praes·
1531 4848 1764 4920 inAitMau.
1788 4848 1971 4922 §incasuru-

441 4944 473 5005 ru
482 4947 629 5026 perferat·
650 4941 735 5024 Cap.
756 4941 800 5009 V.
1232 4943 1361 5010 XVIII.

441 5031 602 5185 argius&
624 5032 866 5101 Adsumemm‘
886 5037 935 5110 fs
955 5033 1061 5133 ,ΜΨ
1085 5030 1164 5100 3²¹¹·
1280 5028 1357 5118 (s)
1376 5031 1524 5116 Ibidem,
1549 5034 1654 5122 paullo
1675 5048 1778 5106 tamen
1796 5031 1950 5105 interiiss-

624 4122 728 4193 utilius
742 4122 1171 4203 SansiiffimusMarryrcum
1230 4131 1338 4193 siscia
1362 4122 1480 4208 Afttcae
1502 4126 1655 4210 Praessdesn
1680 4125 1882 4192 Tertullianus
1920 4122 1967 4187 al·
