<?xml version="1.0" encoding="UTF-8"?>
<!DOCTYPE html PUBLIC "-//W3C//DTD XHTML 1.0 Transitional//EN"
    "http://www.w3.org/TR/xhtml1/DTD/xhtml1-transitional.dtd">
<html xmlns="http://www.w3.org/1999/xhtml" xml:lang="en" lang="en">
 <head>
  <title>
</title>
<meta http-equiv="Content-Type" content="text/html;charset=utf-8" />
  <meta name='ocr-system' content='tesseract 3.04.00' />
  <meta name='ocr-capabilities' content='ocr_page ocr_carea ocr_par ocr_line ocrx_word'/>
</head>
<body>
  <div class='ocr_page' id='page_1' title='image "./damasusetlauren00bygoog_0198.png"; bbox 0 0 4184 5904; ppageno 0'>
   <div class='ocr_carea' id='block_1_1' title="bbox 1701 304 1805 453">
    <p class='ocr_par' dir='ltr' id='par_1_1' title="bbox 1701 304 1805 453">
     <span class='ocr_line' id='line_1_1' title="bbox 1701 304 1805 453; baseline 0.029 -38"><span class='ocrx_word' id='word_1_1' title='bbox 1701 304 1805 453; x_wconf 78' lang='lat'><strong>167</strong></span> 
     </span>
    </p>
   </div>
   <div class='ocr_carea' id='block_1_2' title="bbox 267 519 1915 4005">
    <p class='ocr_par' dir='ltr' id='par_1_2' title="bbox 280 519 1915 2042">
     <span class='ocr_line' id='line_1_2' title="bbox 285 519 1804 641; baseline -0.009 -20"><span class='ocrx_word' id='word_1_2' title='bbox 285 560 434 621; x_wconf 83' lang='lat' dir='ltr'><strong>maram</strong></span> <span class='ocrx_word' id='word_1_3' title='bbox 458 533 634 614; x_wconf 67' lang='lat' dir='ltr'><strong>audurus</strong></span> <span class='ocrx_word' id='word_1_4' title='bbox 665 524 748 627; x_wconf 85' lang='lat' dir='ltr'><strong>fit,</strong></span> <span class='ocrx_word' id='word_1_5' title='bbox 772 526 893 641; x_wconf 67' lang='lat' dir='ltr'><strong>quim</strong></span> <span class='ocrx_word' id='word_1_6' title='bbox 921 525 947 611; x_wconf 79' lang='lat' dir='ltr'><strong>fr</strong></span> <span class='ocrx_word' id='word_1_7' title='bbox 980 549 1089 639; x_wconf 72' lang='lat' dir='ltr'><strong>aqua*</strong></span> <span class='ocrx_word' id='word_1_8' title='bbox 1111 519 1261 610; x_wconf 84' lang='lat' dir='ltr'><strong>situlam</strong></span> <span class='ocrx_word' id='word_1_9' title='bbox 1292 520 1433 639; x_wconf 85' lang='lat' dir='ltr'><strong>pelago</strong></span> <span class='ocrx_word' id='word_1_10' title='bbox 1459 524 1647 614; x_wconf 85' lang='lat' dir='ltr'><strong>infuderit</strong></span> <span class='ocrx_word' id='word_1_11' title='bbox 1674 588 1683 610; x_wconf 92' lang='lat'><strong>.</strong></span> <span class='ocrx_word' id='word_1_12' title='bbox 1716 530 1804 608; x_wconf 84' lang='lat' dir='ltr'><strong>Ha-</strong></span> 
     </span>
     <span class='ocr_line' id='line_1_3' title="bbox 286 641 1804 760; baseline -0.009 -25"><span class='ocrx_word' id='word_1_13' title='bbox 286 659 349 741; x_wconf 83' lang='lat' dir='ltr'><strong>bet</strong></span> <span class='ocrx_word' id='word_1_14' title='bbox 372 667 560 760; x_wconf 77' lang='lat' dir='ltr'><strong>praterea</strong></span> <span class='ocrx_word' id='word_1_15' title='bbox 572 642 701 727; x_wconf 87' lang='lat' dir='ltr'><strong>Roma</strong></span> <span class='ocrx_word' id='word_1_16' title='bbox 717 647 844 731; x_wconf 89' lang='lat' dir='ltr'><strong>multo</strong></span> <span class='ocrx_word' id='word_1_17' title='bbox 870 644 962 755; x_wconf 85' lang='lat' dir='ltr'><strong>plus.</strong></span> <span class='ocrx_word' id='word_1_18' title='bbox 982 648 1106 754; x_wconf 74' lang='lat' dir='ltr'><strong>quam-</strong></span> <span class='ocrx_word' id='word_1_19' title='bbox 1119 641 1308 753; x_wconf 85' lang='lat' dir='ltr'><strong>Hispania</strong></span> <span class='ocrx_word' id='word_1_20' title='bbox 1329 642 1456 730; x_wconf 82' lang='lat' dir='ltr'><strong>nostra</strong></span> <span class='ocrx_word' id='word_1_21' title='bbox 1482 646 1586 759; x_wconf 93' lang='lat' dir='ltr'><strong>quod</strong></span> <span class='ocrx_word' id='word_1_22' title='bbox 1617 642 1684 729; x_wconf 84' lang='lat' dir='ltr'><strong>fibi</strong></span> <span class='ocrx_word' id='word_1_23' title='bbox 1713 642 1804 727; x_wconf 87' lang='lat' dir='ltr'><strong>vin-</strong></span> 
     </span>
     <span class='ocr_line' id='line_1_4' title="bbox 282 754 1803 877; baseline -0.008 -23"><span class='ocrx_word' id='word_1_24' title='bbox 282 771 391 855; x_wconf 87' lang='lat' dir='ltr'><strong>dicet</strong></span> <span class='ocrx_word' id='word_1_25' title='bbox 414 771 453 846; x_wconf 90' lang='lat' dir='ltr'><strong>in</strong></span> <span class='ocrx_word' id='word_1_26' title='bbox 487 760 742 863; x_wconf 69' lang='lat' dir='ltr'><strong>Laurentio,</strong></span> <span class='ocrx_word' id='word_1_27' title='bbox 765 791 890 877; x_wconf 90' lang='lat' dir='ltr'><strong>quem</strong></span> <span class='ocrx_word' id='word_1_28' title='bbox 909 763 1071 871; x_wconf 79' lang='lat' dir='ltr'><strong>gremio</strong></span> <span class='ocrx_word' id='word_1_29' title='bbox 1088 786 1262 870; x_wconf 87' lang='lat' dir='ltr'><strong>puerum</strong></span> <span class='ocrx_word' id='word_1_30' title='bbox 1287 766 1478 872; x_wconf 82' lang='lat' dir='ltr'>excepit,</span> <span class='ocrx_word' id='word_1_31' title='bbox 1502 791 1580 875; x_wconf 89' lang='lat' dir='ltr'><strong>pro</strong></span> <span class='ocrx_word' id='word_1_32' title='bbox 1604 759 1675 847; x_wconf 83' lang='lat' dir='ltr'><strong>suo</strong></span> <span class='ocrx_word' id='word_1_33' title='bbox 1698 754 1803 843; x_wconf 89' lang='lat' dir='ltr'><strong>edu-</strong></span> 
     </span>
     <span class='ocr_line' id='line_1_5' title="bbox 282 871 1801 992; baseline -0.011 -21"><span class='ocrx_word' id='word_1_34' title='bbox 282 886 417 980; x_wconf 85' lang='lat' dir='ltr'><strong>cavit,</strong></span> <span class='ocrx_word' id='word_1_35' title='bbox 447 871 799 992; x_wconf 78' lang='lat' dir='ltr'><strong>Ecclefiatticisque</strong></span> <span class='ocrx_word' id='word_1_36' title='bbox 819 878 1034 963; x_wconf 82' lang='lat' dir='ltr'>honoribus</span> <span class='ocrx_word' id='word_1_37' title='bbox 1067 880 1269 962; x_wconf 84' lang='lat' dir='ltr'><strong>viventem</strong></span> <span class='ocrx_word' id='word_1_38' title='bbox 1300 884 1444 991; x_wconf 79' lang='lat' dir='ltr'><strong>auxit3</strong></span> <span class='ocrx_word' id='word_1_39' title='bbox 1474 900 1675 965; x_wconf 91' lang='lat' dir='ltr'><strong>mortuum</strong></span> <span class='ocrx_word' id='word_1_40' title='bbox 1705 875 1801 959; x_wconf 83' lang='lat' dir='ltr'><strong>veri&gt;</strong></span> 
     </span>
     <span class='ocr_line' id='line_1_6' title="bbox 285 987 1804 1106; baseline -0.006 -23"><span class='ocrx_word' id='word_1_41' title='bbox 285 993 679 1086; x_wconf 74' lang='lat' dir='ltr'><strong>honorificentissimo</strong></span> <span class='ocrx_word' id='word_1_42' title='bbox 698 994 856 1079; x_wconf 91' lang='lat' dir='ltr'><strong>tumulo</strong></span> <span class='ocrx_word' id='word_1_43' title='bbox 880 987 1136 1106; x_wconf 68' lang='lat' dir='ltr'><strong>composuit,</strong></span> <span class='ocrx_word' id='word_1_44' title='bbox 1160 988 1369 1105; x_wconf 86' lang='lat' dir='ltr'><strong>sacrosque</strong></span> <span class='ocrx_word' id='word_1_45' title='bbox 1390 993 1511 1106; x_wconf 70' lang='lat' dir='ltr'><strong>ipsius</strong></span> <span class='ocrx_word' id='word_1_46' title='bbox 1539 1002 1691 1081; x_wconf 89' lang='lat' dir='ltr'><strong>cineres</strong></span> <span class='ocrx_word' id='word_1_47' title='bbox 1718 990 1804 1074; x_wconf 86' lang='lat' dir='ltr'><strong>exi·</strong></span> 
     </span>
     <span class='ocr_line' id='line_1_7' title="bbox 284 1103 1804 1222; baseline -0.004 -25"><span class='ocrx_word' id='word_1_48' title='bbox 284 1111 365 1205; x_wconf 74' lang='lat' dir='ltr'><strong>mie</strong></span> <span class='ocrx_word' id='word_1_49' title='bbox 379 1110 428 1196; x_wconf 92' lang='lat' dir='ltr'><strong>ad</strong></span> <span class='ocrx_word' id='word_1_50' title='bbox 454 1104 683 1222; x_wconf 87' lang='lat' dir='ltr'><strong>hancusque</strong></span> <span class='ocrx_word' id='word_1_51' title='bbox 710 1111 817 1195; x_wconf 82' lang='lat' dir='ltr'><strong>diem</strong></span> <span class='ocrx_word' id='word_1_52' title='bbox 830 1109 974 1195; x_wconf 87' lang='lat' dir='ltr'><strong>coluit.</strong></span> <span class='ocrx_word' id='word_1_53' title='bbox 998 1103 1184 1193; x_wconf 86' lang='lat' dir='ltr'>Gaudeat</span> <span class='ocrx_word' id='word_1_54' title='bbox 1208 1112 1361 1218; x_wconf 66' lang='lat' dir='ltr'><strong>igitur,</strong></span> <span class='ocrx_word' id='word_1_55' title='bbox 1383 1110 1562 1215; x_wconf 83' lang='lat' dir='ltr'><strong>exultet,</strong></span> <span class='ocrx_word' id='word_1_56' title='bbox 1592 1140 1642 1196; x_wconf 87' lang='lat' dir='ltr'><strong>ac</strong></span> <span class='ocrx_word' id='word_1_57' title='bbox 1664 1113 1804 1197; x_wconf 57' lang='lat' dir='ltr'><strong>trium*</strong></span> 
     </span>
     <span class='ocr_line' id='line_1_8' title="bbox 283 1225 1800 1347; baseline -0.005 -32"><span class='ocrx_word' id='word_1_58' title='bbox 283 1233 382 1347; x_wconf 88' lang='lat' dir='ltr'><strong>phet</strong></span> <span class='ocrx_word' id='word_1_59' title='bbox 419 1228 584 1314; x_wconf 86' lang='lat' dir='ltr'><strong>alumno</strong></span> <span class='ocrx_word' id='word_1_60' title='bbox 611 1256 660 1313; x_wconf 87' lang='lat' dir='ltr'><strong>ac</strong></span> <span class='ocrx_word' id='word_1_61' title='bbox 688 1227 867 1341; x_wconf 87' lang='lat' dir='ltr'><strong>Martyre</strong></span> <span class='ocrx_word' id='word_1_62' title='bbox 902 1226 971 1312; x_wconf 85' lang='lat' dir='ltr'><strong>suo</strong></span> <span class='ocrx_word' id='word_1_63' title='bbox 999 1225 1127 1309; x_wconf 89' lang='lat' dir='ltr'><strong>Roma</strong></span> <span class='ocrx_word' id='word_1_64' title='bbox 1151 1244 1171 1323; x_wconf 73' lang='lat'><em>3</em></span> <span class='ocrx_word' id='word_1_65' title='bbox 1196 1252 1279 1309; x_wconf 92' lang='lat' dir='ltr'><strong>non</strong></span> <span class='ocrx_word' id='word_1_66' title='bbox 1304 1225 1416 1310; x_wconf 83' lang='lat' dir='ltr'><strong>enim</strong></span> <span class='ocrx_word' id='word_1_67' title='bbox 1442 1228 1567 1313; x_wconf 79' lang='lat' dir='ltr'><strong>Orbis</strong></span> <span class='ocrx_word' id='word_1_68' title='bbox 1588 1228 1800 1320; x_wconf 83' lang='lat' dir='ltr'><strong>Dominae,</strong></span> 
     </span>
     <span class='ocr_line' id='line_1_9' title="bbox 283 1339 1800 1455; baseline -0.009 -22"><span class='ocrx_word' id='word_1_69' title='bbox 283 1349 564 1455; x_wconf 86' lang='lat' dir='ltr'><strong>communique</strong></span> <span class='ocrx_word' id='word_1_70' title='bbox 593 1339 818 1455; x_wconf 78' lang='lat' dir='ltr'><strong>Religionis</strong></span> <span class='ocrx_word' id='word_1_71' title='bbox 852 1339 1017 1430; x_wconf 79' lang='lat' dir='ltr'><strong>Pareuti</strong></span> <span class='ocrx_word' id='word_1_72' title='bbox 1056 1365 1168 1426; x_wconf 78' lang='lat' dir='ltr'><strong>veras</strong></span> <span class='ocrx_word' id='word_1_73' title='bbox 1205 1343 1452 1455; x_wconf 71' lang='lat' dir='ltr'><strong>minimeque</strong></span> <span class='ocrx_word' id='word_1_74' title='bbox 1480 1344 1624 1431; x_wconf 88' lang='lat' dir='ltr'><strong>fucatas</strong></span> <span class='ocrx_word' id='word_1_75' title='bbox 1667 1340 1800 1429; x_wconf 79' lang='lat' dir='ltr'><strong>laudes</strong></span> 
     </span>
     <span class='ocr_line' id='line_1_10' title="bbox 283 1454 1796 1575; baseline -0.004 -26"><span class='ocrx_word' id='word_1_76' title='bbox 283 1460 477 1571; x_wconf 82' lang='lat' dir='ltr'><strong>Hispania</strong></span> <span class='ocrx_word' id='word_1_77' title='bbox 508 1463 638 1545; x_wconf 82' lang='lat' dir='ltr'><strong>noiira</strong></span> <span class='ocrx_word' id='word_1_78' title='bbox 672 1458 829 1547; x_wconf 87' lang='lat' dir='ltr'><strong>invidet</strong></span> <span class='ocrx_word' id='word_1_79' title='bbox 853 1513 868 1560; x_wconf 83' lang='lat'>,</span> <span class='ocrx_word' id='word_1_80' title='bbox 896 1479 964 1548; x_wconf 90' lang='lat' dir='ltr'><strong>aut</strong></span> <span class='ocrx_word' id='word_1_81' title='bbox 997 1455 1199 1543; x_wconf 84' lang='lat' dir='ltr'><strong>invidebit</strong></span> <span class='ocrx_word' id='word_1_82' title='bbox 1219 1454 1380 1569; x_wconf 88' lang='lat' dir='ltr'><strong>usquam</strong></span> <span class='ocrx_word' id='word_1_83' title='bbox 1406 1485 1421 1565; x_wconf 85' lang='lat'>3</span> <span class='ocrx_word' id='word_1_84' title='bbox 1453 1490 1578 1575; x_wconf 87' lang='lat' dir='ltr'><strong>neque</strong></span> <span class='ocrx_word' id='word_1_85' title='bbox 1611 1462 1796 1545; x_wconf 51' lang='lat' dir='ltr'><strong>Vrbema</strong></span> 
     </span>
     <span class='ocr_line' id='line_1_11' title="bbox 282 1574 1796 1688; baseline -0.007 -21"><span class='ocrx_word' id='word_1_86' title='bbox 282 1577 453 1667; x_wconf 83' lang='lat' dir='ltr'><strong>vicissim</strong></span> <span class='ocrx_word' id='word_1_87' title='bbox 482 1576 830 1688; x_wconf 72' lang='lat' dir='ltr'><strong>obsequentissima</strong></span> <span class='ocrx_word' id='word_1_88' title='bbox 852 1577 1037 1661; x_wconf 88' lang='lat' dir='ltr'><strong>omnium</strong></span> <span class='ocrx_word' id='word_1_89' title='bbox 1062 1574 1155 1657; x_wconf 80' lang='lat' dir='ltr'><strong>filia·</strong></span> <span class='ocrx_word' id='word_1_90' title='bbox 1168 1574 1377 1660; x_wconf 87' lang='lat' dir='ltr'><strong>Laurentii</strong></span> <span class='ocrx_word' id='word_1_91' title='bbox 1407 1580 1556 1663; x_wconf 76' lang='lat' dir='ltr'>natales</span> <span class='ocrx_word' id='word_1_92' title='bbox 1585 1575 1796 1663; x_wconf 86' lang='lat' dir='ltr'><strong>inuisuram</strong></span> 
     </span>
     <span class='ocr_line' id='line_1_12' title="bbox 280 1683 1797 1808; baseline -0.002 -31"><span class='ocrx_word' id='word_1_93' title='bbox 280 1688 553 1808; x_wconf 61' lang='lat' dir='ltr'><strong>pertimescim·</strong></span> <span class='ocrx_word' id='word_1_94' title='bbox 583 1692 796 1806; x_wconf 78' lang='lat' dir='ltr'><strong>prasertim</strong></span> <span class='ocrx_word' id='word_1_95' title='bbox 826 1720 920 1776; x_wconf 88' lang='lat' dir='ltr'><strong>curn</strong></span> <span class='ocrx_word' id='word_1_96' title='bbox 946 1690 1012 1777; x_wconf 83' lang='lat' dir='ltr'><strong>illa</strong></span> <span class='ocrx_word' id='word_1_97' title='bbox 1039 1712 1098 1778; x_wconf 90' lang='lat' dir='ltr'><strong>tot</strong></span> <span class='ocrx_word' id='word_1_98' title='bbox 1128 1690 1327 1800; x_wconf 86' lang='lat' dir='ltr'>Martyres</span> <span class='ocrx_word' id='word_1_99' title='bbox 1352 1693 1499 1779; x_wconf 90' lang='lat' dir='ltr'><strong>nedum</strong></span> <span class='ocrx_word' id='word_1_100' title='bbox 1516 1693 1709 1794; x_wconf 83' lang='lat' dir='ltr'><strong>Christo,</strong></span> <span class='ocrx_word' id='word_1_101' title='bbox 1731 1683 1797 1774; x_wconf 89' lang='lat' dir='ltr'><strong>sed</strong></span> 
     </span>
     <span class='ocr_line' id='line_1_13' title="bbox 281 1804 1915 1928; baseline 0 -33"><span class='ocrx_word' id='word_1_102' title='bbox 281 1816 320 1895; x_wconf 75' lang='lat' dir='ltr'><strong>dr</strong></span> <span class='ocrx_word' id='word_1_103' title='bbox 352 1804 506 1893; x_wconf 90' lang='lat' dir='ltr'><strong>mundo·</strong></span> <span class='ocrx_word' id='word_1_104' title='bbox 530 1805 763 1923; x_wconf 74' lang='lat' dir='ltr'><strong>pepererit,</strong></span> <span class='ocrx_word' id='word_1_105' title='bbox 793 1828 838 1897; x_wconf 87' lang='lat' dir='ltr'><strong>vt</strong></span> <span class='ocrx_word' id='word_1_106' title='bbox 867 1837 918 1894; x_wconf 88' lang='lat' dir='ltr'><strong>eo</strong></span> <span class='ocrx_word' id='word_1_107' title='bbox 944 1815 1069 1894; x_wconf 90' lang='lat' dir='ltr'><strong>etiam</strong></span> <span class='ocrx_word' id='word_1_108' title='bbox 1100 1811 1263 1893; x_wconf 90' lang='lat' dir='ltr'><strong>nomine</strong></span> <span class='ocrx_word' id='word_1_109' title='bbox 1287 1808 1406 1899; x_wconf 83' lang='lat' dir='ltr'><strong>brata</strong></span> <span class='ocrx_word' id='word_1_110' title='bbox 1428 1864 1448 1913; x_wconf 69' lang='lat'>2</span> <span class='ocrx_word' id='word_1_111' title='bbox 1473 1832 1619 1900; x_wconf 72' lang='lat' dir='ltr'><strong>eterna</strong></span> <span class='ocrx_word' id='word_1_112' title='bbox 1641 1865 1655 1913; x_wconf 69' lang='lat'>2</span> <span class='ocrx_word' id='word_1_113' title='bbox 1680 1812 1798 1928; x_wconf 77' lang='lat' dir='ltr'><strong>prin·</strong></span> <span class='ocrx_word' id='word_1_114' title='bbox 1912 1878 1915 1885; x_wconf 89' lang='grc'>.</span> 
     </span>
     <span class='ocr_line' id='line_1_14' title="bbox 281 1924 1089 2042; baseline -0.009 -27"><span class='ocrx_word' id='word_1_115' title='bbox 281 1928 439 2042; x_wconf 82' lang='lat' dir='ltr'><strong>crpsque</strong></span> <span class='ocrx_word' id='word_1_116' title='bbox 466 1925 625 2015; x_wconf 85' lang='lat' dir='ltr'><strong>Vrbium</strong></span> <span class='ocrx_word' id='word_1_117' title='bbox 653 1924 843 2036; x_wconf 82' lang='lat' dir='ltr'><strong>appellari</strong></span> <span class='ocrx_word' id='word_1_118' title='bbox 871 1924 1089 2012; x_wconf 75' lang='lat' dir='ltr'><strong>meruerit.</strong></span> 
     </span>
    </p>

    <p class='ocr_par' dir='ltr' id='par_1_3' title="bbox 267 2041 1898 2967">
     <span class='ocr_line' id='line_1_15' title="bbox 398 2041 1795 2158; baseline 0.004 -34"><span class='ocrx_word' id='word_1_119' title='bbox 398 2042 483 2125; x_wconf 89' lang='lat' dir='ltr'><strong>Tot</strong></span> <span class='ocrx_word' id='word_1_120' title='bbox 513 2071 614 2157; x_wconf 83' lang='lat' dir='ltr'><strong>ergo</strong></span> <span class='ocrx_word' id='word_1_121' title='bbox 636 2041 755 2153; x_wconf 88' lang='lat' dir='ltr'><strong>dapes</strong></span> <span class='ocrx_word' id='word_1_122' title='bbox 781 2071 874 2129; x_wconf 81' lang='lat' dir='ltr'><strong>cunr</strong></span> <span class='ocrx_word' id='word_1_123' title='bbox 893 2042 1030 2130; x_wconf 86' lang='lat' dir='ltr'><strong>lrabeat</strong></span> <span class='ocrx_word' id='word_1_124' title='bbox 1049 2043 1176 2129; x_wconf 86' lang='lat' dir='ltr'><strong>Roma</strong></span> <span class='ocrx_word' id='word_1_125' title='bbox 1203 2045 1350 2158; x_wconf 81' lang='lat' dir='ltr'><strong>quibus:</strong></span> <span class='ocrx_word' id='word_1_126' title='bbox 1378 2045 1679 2135; x_wconf 72' lang='lat' dir='ltr'><strong>initruttissimas</strong></span> <span class='ocrx_word' id='word_1_127' title='bbox 1696 2072 1795 2130; x_wconf 89' lang='lat' dir='ltr'><strong>con-</strong></span> 
     </span>
     <span class='ocr_line' id='line_1_16' title="bbox 280 2156 1795 2273; baseline 0.003 -34"><span class='ocrx_word' id='word_1_128' title='bbox 280 2156 495 2242; x_wconf 48' lang='lat' dir='ltr'><strong>fluentibus,</strong></span> <span class='ocrx_word' id='word_1_129' title='bbox 528 2187 579 2243; x_wconf 84' lang='lat' dir='ltr'><strong>ex.</strong></span> <span class='ocrx_word' id='word_1_130' title='bbox 614 2177 704 2244; x_wconf 90' lang='lat' dir='ltr'><strong>toto</strong></span> <span class='ocrx_word' id='word_1_131' title='bbox 733 2159 844 2245; x_wconf 83' lang='lat' dir='ltr'>Orbe</span> <span class='ocrx_word' id='word_1_132' title='bbox 871 2164 1051 2247; x_wconf 83' lang='lat' dir='ltr'><strong>conuiuis</strong></span> <span class='ocrx_word' id='word_1_133' title='bbox 1089 2157 1225 2273; x_wconf 84' lang='lat' dir='ltr'>epulas</span> <span class='ocrx_word' id='word_1_134' title='bbox 1264 2160 1343 2246; x_wconf 89' lang='lat' dir='ltr'><strong>srne</strong></span> <span class='ocrx_word' id='word_1_135' title='bbox 1382 2164 1552 2252; x_wconf 86' lang='lat' dir='ltr'><strong>aliorum:</strong></span> <span class='ocrx_word' id='word_1_136' title='bbox 1582 2160 1795 2273; x_wconf 79' lang='lat' dir='ltr'><strong>dispendio</strong></span> 
     </span>
     <span class='ocr_line' id='line_1_17' title="bbox 280 2272 1795 2391; baseline 0.007 -39"><span class='ocrx_word' id='word_1_137' title='bbox 280 2298 498 2384; x_wconf 78' lang='lat' dir='ltr'><strong>praparare</strong></span> <span class='ocrx_word' id='word_1_138' title='bbox 525 2274 681 2386; x_wconf 84' lang='lat' dir='ltr'><strong>potest:</strong></span> <span class='ocrx_word' id='word_1_139' title='bbox 709 2295 846 2386; x_wconf 89' lang='lat' dir='ltr'><strong>parcat</strong></span> <span class='ocrx_word' id='word_1_140' title='bbox 878 2272 1005 2390; x_wconf 82' lang='lat' dir='ltr'>quaeso</span> <span class='ocrx_word' id='word_1_141' title='bbox 1033 2274 1273 2367; x_wconf 77' lang='lat' dir='ltr'><strong>Branchinus</strong></span> <span class='ocrx_word' id='word_1_142' title='bbox 1298 2278 1501 2382; x_wconf 68' lang='lat' dir='ltr'><strong>oviculae,</strong></span> <span class='ocrx_word' id='word_1_143' title='bbox 1523 2306 1643 2391; x_wconf 90' lang='lat' dir='ltr'><strong>quam</strong></span> <span class='ocrx_word' id='word_1_144' title='bbox 1661 2279 1795 2363; x_wconf 68' lang='lat' dir='ltr'><strong>haete-</strong></span> 
     </span>
     <span class='ocr_line' id='line_1_18' title="bbox 282 2384 1793 2507; baseline 0.003 -38"><span class='ocrx_word' id='word_1_145' title='bbox 282 2416 354 2469; x_wconf 83' lang='lat' dir='ltr'><strong>nus</strong></span> <span class='ocrx_word' id='word_1_146' title='bbox 382 2414 456 2499; x_wconf 89' lang='lat' dir='ltr'><strong>pro</strong></span> <span class='ocrx_word' id='word_1_147' title='bbox 485 2384 548 2474; x_wconf 83' lang='lat' dir='ltr'><strong>sua</strong></span> <span class='ocrx_word' id='word_1_148' title='bbox 581 2395 693 2475; x_wconf 85' lang='lat' dir='ltr'><strong>iuter</strong></span> <span class='ocrx_word' id='word_1_149' title='bbox 718 2387 818 2473; x_wconf 84' lang='lat' dir='ltr'><strong>filios</strong></span> <span class='ocrx_word' id='word_1_150' title='bbox 849 2393 1053 2477; x_wconf 82' lang='lat' dir='ltr'><strong>enutrivit</strong></span> <span class='ocrx_word' id='word_1_151' title='bbox 1083 2387 1273 2501; x_wconf 85' lang='lat' dir='ltr'><strong>Hispania·</strong></span> <span class='ocrx_word' id='word_1_152' title='bbox 1314 2398 1484 2497; x_wconf 76' lang='lat' dir='ltr'><strong>nostra,</strong></span> <span class='ocrx_word' id='word_1_153' title='bbox 1514 2422 1717 2507; x_wconf 85' lang='lat' dir='ltr'><strong>quamque</strong></span> <span class='ocrx_word' id='word_1_154' title='bbox 1742 2393 1793 2475; x_wconf 93' lang='lat' dir='ltr'><strong>de</strong></span> 
     </span>
     <span class='ocr_line' id='line_1_19' title="bbox 279 2501 1800 2621; baseline 0.001 -34"><span class='ocrx_word' id='word_1_155' title='bbox 279 2501 397 2612; x_wconf 82' lang='lat' dir='ltr'><strong>ipfius</strong></span> <span class='ocrx_word' id='word_1_156' title='bbox 425 2530 528 2612; x_wconf 84' lang='lat' dir='ltr'><strong>pane</strong></span> <span class='ocrx_word' id='word_1_157' title='bbox 548 2503 854 2607; x_wconf 82' lang='lat' dir='ltr'><strong>comedentem,</strong></span> <span class='ocrx_word' id='word_1_158' title='bbox 883 2507 940 2591; x_wconf 87' lang='lat' dir='ltr'><strong>de</strong></span> <span class='ocrx_word' id='word_1_159' title='bbox 961 2505 1078 2589; x_wconf 80' lang='lat' dir='ltr'><strong>calice</strong></span> <span class='ocrx_word' id='word_1_160' title='bbox 1098 2506 1332 2609; x_wconf 84' lang='lat' dir='ltr'><strong>bibentem,</strong></span> <span class='ocrx_word' id='word_1_161' title='bbox 1365 2532 1482 2621; x_wconf 91' lang='lat' dir='ltr'><strong>atque·</strong></span> <span class='ocrx_word' id='word_1_162' title='bbox 1505 2516 1544 2592; x_wconf 93' lang='lat' dir='ltr'><strong>in</strong></span> <span class='ocrx_word' id='word_1_163' title='bbox 1578 2515 1718 2593; x_wconf 84' lang='lat' dir='ltr'><strong>matris</strong></span> <span class='ocrx_word' id='word_1_164' title='bbox 1745 2503 1800 2589; x_wconf 82' lang='lat' dir='ltr'><strong>fi-</strong></span> 
     </span>
     <span class='ocr_line' id='line_1_20' title="bbox 274 2617 1793 2730; baseline 0.002 -26"><span class='ocrx_word' id='word_1_165' title='bbox 274 2646 335 2704; x_wconf 84' lang='lat' dir='ltr'><strong>ou</strong></span> <span class='ocrx_word' id='word_1_166' title='bbox 364 2618 631 2704; x_wconf 88' lang='lat' dir='ltr'><strong>dormientem</strong></span> <span class='ocrx_word' id='word_1_167' title='bbox 657 2617 803 2717; x_wconf 48' lang='lat' dir='ltr'><strong>aluita</strong></span> <span class='ocrx_word' id='word_1_168' title='bbox 842 2621 915 2704; x_wconf 87' lang='lat' dir='ltr'><strong>nisr</strong></span> <span class='ocrx_word' id='word_1_169' title='bbox 956 2627 1104 2703; x_wconf 86' lang='lat' dir='ltr'><strong>iratum</strong></span> <span class='ocrx_word' id='word_1_170' title='bbox 1139 2617 1415 2730; x_wconf 88' lang='lat' dir='ltr'><strong>indignatione</strong></span> <span class='ocrx_word' id='word_1_171' title='bbox 1445 2625 1699 2723; x_wconf 77' lang='lat' dir='ltr'><strong>Dominum,</strong></span> <span class='ocrx_word' id='word_1_172' title='bbox 1724 2643 1793 2707; x_wconf 90' lang='lat' dir='ltr'><strong>aut</strong></span> 
     </span>
     <span class='ocr_line' id='line_1_21' title="bbox 278 2734 1898 2854; baseline 0.003 -35"><span class='ocrx_word' id='word_1_173' title='bbox 278 2734 529 2845; x_wconf 81' lang='lat' dir='ltr'><strong>Prophetam.</strong></span> <span class='ocrx_word' id='word_1_174' title='bbox 550 2734 690 2820; x_wconf 85' lang='lat' dir='ltr'><strong>andire</strong></span> <span class='ocrx_word' id='word_1_175' title='bbox 712 2734 841 2837; x_wconf 80' lang='lat' dir='ltr'><strong>velit,</strong></span> <span class='ocrx_word' id='word_1_176' title='bbox 874 2742 1232 2846; x_wconf 84' lang='lat' dir='ltr'><strong>pronuntiantem:</strong></span> <span class='ocrx_word' id='word_1_177' title='bbox 1260 2738 1364 2831; x_wconf 82' lang='lat' dir='ltr'><strong>Viuit</strong></span> <span class='ocrx_word' id='word_1_178' title='bbox 1390 2746 1580 2830; x_wconf 81' lang='lat' dir='ltr'><strong>Dominus</strong></span> <span class='ocrx_word' id='word_1_179' title='bbox 1604 2746 1789 2854; x_wconf 82' lang='lat' dir='ltr'><strong>quoniam</strong></span> <span class='ocrx_word' id='word_1_180' title='bbox 1891 2774 1898 2789; x_wconf 92' lang='lat'><strong>·</strong></span> 
     </span>
     <span class='ocr_line' id='line_1_22' title="bbox 267 2850 1149 2967; baseline 0.001 -30"><span class='ocrx_word' id='word_1_181' title='bbox 267 2850 383 2965; x_wconf 80' lang='lat' dir='ltr'><strong>filius</strong></span> <span class='ocrx_word' id='word_1_182' title='bbox 410 2853 619 2967; x_wconf 74' lang='lat' dir='ltr'><strong>martires}</strong></span> <span class='ocrx_word' id='word_1_183' title='bbox 644 2856 712 2937; x_wconf 82' lang='lat' dir='ltr'><strong>uir</strong></span> <span class='ocrx_word' id='word_1_184' title='bbox 738 2858 810 2965; x_wconf 82' lang='lat' dir='ltr'><strong>qui</strong></span> <span class='ocrx_word' id='word_1_185' title='bbox 818 2850 925 2964; x_wconf 69' lang='lat' dir='ltr'><strong>ficit</strong></span> <span class='ocrx_word' id='word_1_186' title='bbox 951 2856 1023 2941; x_wconf 87' lang='lat' dir='ltr'><strong>hoc·</strong></span> <span class='ocrx_word' id='word_1_187' title='bbox 1045 2858 1149 2965; x_wconf 81' lang='lat' dir='ltr'><strong>(a).</strong></span> 
     </span>
    </p>

    <p class='ocr_par' dir='ltr' id='par_1_4' title="bbox 278 2967 1791 4005">
     <span class='ocr_line' id='line_1_23' title="bbox 408 2967 1791 3087; baseline 0.011 -40"><span class='ocrx_word' id='word_1_188' title='bbox 408 2968 751 3077; x_wconf 81' lang='lat' dir='ltr'><strong>Qrandoaurem-</strong></span> <span class='ocrx_word' id='word_1_189' title='bbox 791 2974 835 3044; x_wconf 90' lang='lat' dir='ltr'><strong>in·</strong></span> <span class='ocrx_word' id='word_1_190' title='bbox 872 2992 1050 3049; x_wconf 82' lang='lat' dir='ltr'><strong>extrema</strong></span> <span class='ocrx_word' id='word_1_191' title='bbox 1090 2967 1374 3076; x_wconf 78' lang='lat' dir='ltr'><strong>disputationis</strong></span> <span class='ocrx_word' id='word_1_192' title='bbox 1403 2994 1521 3087; x_wconf 85' lang='lat' dir='ltr'><strong>parte</strong></span> <span class='ocrx_word' id='word_1_193' title='bbox 1558 2976 1713 3063; x_wconf 84' lang='lat' dir='ltr'><strong>veniam</strong></span> <span class='ocrx_word' id='word_1_194' title='bbox 1743 2978 1791 3062; x_wconf 87' lang='lat' dir='ltr'><strong>ab</strong></span> 
     </span>
     <span class='ocr_line' id='line_1_24' title="bbox 278 3077 1788 3205; baseline 0.005 -36"><span class='ocrx_word' id='word_1_195' title='bbox 278 3079 471 3190; x_wconf 75' lang='lat' dir='ltr'><strong>Hispanis</strong></span> <span class='ocrx_word' id='word_1_196' title='bbox 483 3077 724 3161; x_wconf 78' lang='lat' dir='ltr'><strong>blanchinus·</strong></span> <span class='ocrx_word' id='word_1_197' title='bbox 746 3084 848 3185; x_wconf 86' lang='lat' dir='ltr'><strong>petit</strong></span> <span class='ocrx_word' id='word_1_198' title='bbox 873 3082 976 3192; x_wconf 75' lang='lat' dir='ltr'><strong>quid</strong></span> <span class='ocrx_word' id='word_1_199' title='bbox 989 3099 1065 3190; x_wconf 84' lang='lat' dir='ltr'><strong>pro</strong></span> <span class='ocrx_word' id='word_1_200' title='bbox 1090 3104 1209 3169; x_wconf 78' lang='lat' dir='ltr'><strong>tantu</strong></span> <span class='ocrx_word' id='word_1_201' title='bbox 1233 3090 1425 3199; x_wconf 81' lang='lat' dir='ltr'><strong>(quantus¹</strong></span> <span class='ocrx_word' id='word_1_202' title='bbox 1449 3092 1694 3178; x_wconf 78' lang='lat' dir='ltr'><strong>Laurentius</strong></span> <span class='ocrx_word' id='word_1_203' title='bbox 1710 3090 1788 3205; x_wconf 88' lang='lat' dir='ltr'><strong>est)</strong></span> 
     </span>
     <span class='ocr_line' id='line_1_25' title="bbox 278 3194 1788 3324; baseline 0.008 -45"><span class='ocrx_word' id='word_1_204' title='bbox 278 3204 471 3308; x_wconf 82' lang='lat' dir='ltr'><strong>Martyre</strong></span> <span class='ocrx_word' id='word_1_205' title='bbox 488 3198 691 3303; x_wconf 80' lang='lat' dir='ltr'><strong>repetundo</strong></span> <span class='ocrx_word' id='word_1_206' title='bbox 718 3199 900 3279; x_wconf 81' lang='lat' dir='ltr'><strong>ueriturr‘r</strong></span> <span class='ocrx_word' id='word_1_207' title='bbox 927 3222 1053 3277; x_wconf 60' lang='lat' dir='ltr'><strong>ornare</strong></span> <span class='ocrx_word' id='word_1_208' title='bbox 1090 3194 1150 3289; x_wconf 59' lang='grc' dir='ltr'><strong>ὁ*</strong></span> <span class='ocrx_word' id='word_1_209' title='bbox 1171 3206 1350 3287; x_wconf 82' lang='lat' dir='ltr'><strong>caritate·</strong></span> <span class='ocrx_word' id='word_1_210' title='bbox 1370 3233 1449 3291; x_wconf 81' lang='lat' dir='ltr'><strong>nort</strong></span> <span class='ocrx_word' id='word_1_211' title='bbox 1464 3204 1571 3322; x_wconf 64' lang='lat' dir='ltr'><strong>fitia*</strong></span> <span class='ocrx_word' id='word_1_212' title='bbox 1581 3229 1788 3324; x_wconf 82' lang='lat' dir='ltr'><strong>pugnaue-</strong></span> 
     </span>
     <span class='ocr_line' id='line_1_26' title="bbox 279 3305 1786 3434; baseline 0 -31"><span class='ocrx_word' id='word_1_213' title='bbox 279 3324 339 3403; x_wconf 79' lang='lat' dir='ltr'><strong>rit</strong></span> <span class='ocrx_word' id='word_1_214' title='bbox 365 3313 499 3424; x_wconf 78' lang='lat' dir='ltr'><strong>(b):</strong></span> <span class='ocrx_word' id='word_1_215' title='bbox 533 3307 704 3415; x_wconf 61' lang='lat' dir='ltr'><strong>npetu}</strong></span> <span class='ocrx_word' id='word_1_216' title='bbox 736 3330 777 3391; x_wconf 84' lang='lat' dir='ltr'><strong>rt</strong></span> <span class='ocrx_word' id='word_1_217' title='bbox 810 3305 837 3388; x_wconf 75' lang='lat' dir='ltr'><strong>ri</strong></span> <span class='ocrx_word' id='word_1_218' title='bbox 866 3309 1009 3394; x_wconf 80' lang='lat' dir='ltr'><strong>iliatam</strong></span> <span class='ocrx_word' id='word_1_219' title='bbox 1038 3310 1086 3391; x_wconf 92' lang='lat' dir='ltr'><strong>ab</strong></span> <span class='ocrx_word' id='word_1_220' title='bbox 1122 3312 1210 3419; x_wconf 75' lang='lat' dir='ltr'><strong>ipso</strong></span> <span class='ocrx_word' id='word_1_221' title='bbox 1238 3315 1468 3425; x_wconf 68' lang='lat' dir='ltr'><strong>Hispanis,</strong></span> <span class='ocrx_word' id='word_1_222' title='bbox 1503 3343 1549 3408; x_wconf 90' lang='lat' dir='ltr'><strong>vt</strong></span> <span class='ocrx_word' id='word_1_223' title='bbox 1581 3348 1786 3434; x_wconf 69' lang='lat' dir='ltr'><strong>putamus,</strong></span> 
     </span>
     <span class='ocr_line' id='line_1_27' title="bbox 279 3422 1790 3534; baseline 0.006 -18"><span class='ocrx_word' id='word_1_224' title='bbox 279 3436 474 3516; x_wconf 79' lang='lat' dir='ltr'><strong>iniuriam·</strong></span> <span class='ocrx_word' id='word_1_225' title='bbox 493 3424 646 3524; x_wconf 63' lang='lat' dir='ltr'><strong>ulturi,</strong></span> <span class='ocrx_word' id='word_1_226' title='bbox 668 3422 768 3507; x_wconf 78' lang='lat' dir='ltr'><strong>iustae</strong></span> <span class='ocrx_word' id='word_1_227' title='bbox 793 3445 917 3534; x_wconf 87' lang='lat' dir='ltr'><strong>atque</strong></span> <span class='ocrx_word' id='word_1_228' title='bbox 942 3429 1099 3508; x_wconf 76' lang='lat' dir='ltr'><strong>urbanae</strong></span> <span class='ocrx_word' id='word_1_229' title='bbox 1129 3424 1368 3514; x_wconf 72' lang='lat' dir='ltr'><strong>defensroni&#39;s.</strong></span> <span class='ocrx_word' id='word_1_230' title='bbox 1386 3436 1556 3520; x_wconf 89' lang='lat' dir='ltr'><strong>modum</strong></span> <span class='ocrx_word' id='word_1_231' title='bbox 1582 3441 1790 3525; x_wconf 86' lang='lat' dir='ltr'><strong>excesseri-</strong></span> 
     </span>
     <span class='ocr_line' id='line_1_28' title="bbox 281 3540 1788 3659; baseline 0.007 -30"><span class='ocrx_word' id='word_1_232' title='bbox 281 3574 397 3643; x_wconf 83' lang='lat' dir='ltr'><strong>mus‚.</strong></span> <span class='ocrx_word' id='word_1_233' title='bbox 423 3566 490 3628; x_wconf 89' lang='lat' dir='ltr'><strong>aut</strong></span> <span class='ocrx_word' id='word_1_234' title='bbox 523 3540 802 3654; x_wconf 70' lang='lat' dir='ltr'><strong>uaniloquum</strong></span> <span class='ocrx_word' id='word_1_235' title='bbox 833 3540 1048 3651; x_wconf 80' lang='lat' dir='ltr'><strong>ex&#39;pediret</strong></span> <span class='ocrx_word' id='word_1_236' title='bbox 1076 3548 1249 3629; x_wconf 87' lang='lat' dir='ltr'><strong>acriores·</strong></span> <span class='ocrx_word' id='word_1_237' title='bbox 1275 3545 1506 3637; x_wconf 74' lang='lat' dir='ltr'><strong>Ledtoribue</strong></span> <span class='ocrx_word' id='word_1_238' title='bbox 1532 3550 1604 3638; x_wconf 76' lang='lat' dir='ltr'><strong>visi</strong></span> <span class='ocrx_word' id='word_1_239' title='bbox 1633 3553 1788 3659; x_wconf 68' lang='lat' dir='ltr'><strong>morus,</strong></span> 
     </span>
     <span class='ocr_line' id='line_1_29' title="bbox 280 3654 1788 3773; baseline 0.001 -20"><span class='ocrx_word' id='word_1_240' title='bbox 280 3662 460 3773; x_wconf 71' lang='lat' dir='ltr'><strong>benigne</strong></span> <span class='ocrx_word' id='word_1_241' title='bbox 488 3662 606 3747; x_wconf 89' lang='lat' dir='ltr'><strong>nobis·</strong></span> <span class='ocrx_word' id='word_1_242' title='bbox 631 3687 702 3769; x_wconf 82' lang='lat' dir='ltr'><strong>per</strong></span> <span class='ocrx_word' id='word_1_243' title='bbox 728 3660 803 3743; x_wconf 89' lang='lat' dir='ltr'><strong>hos·</strong></span> <span class='ocrx_word' id='word_1_244' title='bbox 825 3655 1017 3765; x_wconf 83' lang='lat' dir='ltr'><strong>indulgeri</strong></span> <span class='ocrx_word' id='word_1_245' title='bbox 1043 3654 1263 3772; x_wconf 74' lang='lat' dir='ltr'><strong>speremm3</strong></span> <span class='ocrx_word' id='word_1_246' title='bbox 1295 3668 1464 3751; x_wconf 87' lang='lat' dir='ltr'><strong>Summo</strong></span> <span class='ocrx_word' id='word_1_247' title='bbox 1487 3693 1618 3755; x_wconf 88' lang='lat' dir='ltr'><strong>auteur</strong></span> <span class='ocrx_word' id='word_1_248' title='bbox 1650 3669 1788 3770; x_wconf 87' lang='lat' dir='ltr'><strong>Viro,</strong></span> 
     </span>
     <span class='ocr_line' id='line_1_30' title="bbox 280 3772 1785 3894; baseline 0.006 -33"><span class='ocrx_word' id='word_1_249' title='bbox 280 3785 425 3869; x_wconf 70' lang='lat' dir='ltr'><strong>Amico</strong></span> <span class='ocrx_word' id='word_1_250' title='bbox 448 3786 549 3865; x_wconf 90' lang='lat' dir='ltr'><strong>itenr</strong></span> <span class='ocrx_word' id='word_1_251' title='bbox 576 3780 737 3873; x_wconf 79' lang='lat' dir='ltr'><strong>nostro,¹</strong></span> <span class='ocrx_word' id='word_1_252' title='bbox 762 3772 899 3887; x_wconf 84' lang='lat' dir='ltr'><strong>deque</strong></span> <span class='ocrx_word' id='word_1_253' title='bbox 918 3773 1103 3885; x_wconf 83' lang='lat' dir='ltr'><strong>Hispanis</strong></span> <span class='ocrx_word' id='word_1_254' title='bbox 1119 3773 1217 3862; x_wconf 69' lang='lat' dir='ltr'><strong>alias</strong></span> <span class='ocrx_word' id='word_1_255' title='bbox 1241 3789 1400 3894; x_wconf 69' lang='lat' dir='ltr'><strong>optime·</strong></span> <span class='ocrx_word' id='word_1_256' title='bbox 1426 3786 1570 3873; x_wconf 85' lang='lat' dir='ltr'><strong>merito</strong></span> <span class='ocrx_word' id='word_1_257' title='bbox 1595 3785 1785 3871; x_wconf 77' lang='lat' dir='ltr'><strong>blanchi-</strong></span> 
     </span>
     <span class='ocr_line' id='line_1_31' title="bbox 280 3888 1121 4005; baseline -0.015 -22"><span class='ocrx_word' id='word_1_258' title='bbox 280 3926 338 3983; x_wconf 84' lang='lat' dir='ltr'><strong>uo</strong></span> <span class='ocrx_word' id='word_1_259' title='bbox 359 3904 582 3983; x_wconf 71' lang='lat' dir='ltr'><strong>accinamus</strong></span> <span class='ocrx_word' id='word_1_260' title='bbox 604 3896 876 3979; x_wconf 89' lang='lat' dir='ltr'><strong>Horatiauum</strong></span> <span class='ocrx_word' id='word_1_261' title='bbox 897 3888 992 3974; x_wconf 89' lang='lat' dir='ltr'><strong>illud</strong></span> <span class='ocrx_word' id='word_1_262' title='bbox 1023 3896 1087 4005; x_wconf 75' lang='lat' dir='ltr'><strong>(c)</strong></span> <span class='ocrx_word' id='word_1_263' title='bbox 1103 3918 1121 3975; x_wconf 80' lang='lat'><strong>:1</strong></span> 
     </span>
    </p>
   </div>
   <div class='ocr_carea' id='block_1_3' title="bbox 399 4128 1658 4255">
    <p class='ocr_par' dir='ltr' id='par_1_5' title="bbox 399 4128 1658 4255">
     <span class='ocr_line' id='line_1_32' title="bbox 399 4128 1658 4255; baseline 0.008 -42"><span class='ocrx_word' id='word_1_264' title='bbox 399 4136 579 4234; x_wconf 60' lang='lat' dir='ltr'><strong>Scimus,</strong></span> <span class='ocrx_word' id='word_1_265' title='bbox 599 4134 655 4234; x_wconf 58' lang='lat' dir='ltr'><strong>cit</strong></span> <span class='ocrx_word' id='word_1_266' title='bbox 677 4134 782 4221; x_wconf 83' lang='lat' dir='ltr'><strong>hauc·</strong></span> <span class='ocrx_word' id='word_1_267' title='bbox 800 4133 958 4216; x_wconf 75' lang='lat' dir='ltr'><strong>ueniam</strong></span> <span class='ocrx_word' id='word_1_268' title='bbox 963 4128 1216 4245; x_wconf 72' lang='lat' dir='ltr'><strong>petimusque</strong></span> <span class='ocrx_word' id='word_1_269' title='bbox 1237 4130 1448 4255; x_wconf 71' lang='lat' dir='ltr'><strong>duratisque</strong></span> <span class='ocrx_word' id='word_1_270' title='bbox 1475 4138 1658 4255; x_wconf 69' lang='lat' dir='ltr'><strong>ru&#39;cifflm.⁴</strong></span> 
     </span>
    </p>
   </div>
   <div class='ocr_carea' id='block_1_4' title="bbox 320 5013 1429 5199">
    <p class='ocr_par' dir='ltr' id='par_1_6' title="bbox 320 5013 1429 5199">
     <span class='ocr_line' id='line_1_33' title="bbox 320 5013 1354 5109; baseline 0.001 -29"><span class='ocrx_word' id='word_1_271' title='bbox 320 5013 380 5099; x_wconf 75' lang='lat' dir='ltr'><strong>(a)</strong></span> <span class='ocrx_word' id='word_1_272' title='bbox 403 5017 714 5100; x_wconf 75' lang='lat' dir='ltr'><strong>Ex11·Rrg.Xl!.</strong></span> <span class='ocrx_word' id='word_1_273' title='bbox 739 5014 777 5085; x_wconf 66' lang='lat'><strong>7·</strong></span> <span class='ocrx_word' id='word_1_274' title='bbox 802 5019 847 5082; x_wconf 84' lang='lat' dir='ltr'><strong>V·</strong></span> <span class='ocrx_word' id='word_1_275' title='bbox 1053 5021 1225 5091; x_wconf 76' lang='lat' dir='ltr'><em>oeXClV·</em></span> <span class='ocrx_word' id='word_1_276' title='bbox 1248 5023 1280 5086; x_wconf 67' lang='lat' dir='ltr'><strong>fr</strong></span> <span class='ocrx_word' id='word_1_277' title='bbox 1298 5023 1354 5109; x_wconf 79' lang='lat' dir='ltr'><strong>fir.</strong></span> 
     </span>
     <span class='ocr_line' id='line_1_34' title="bbox 322 5106 1429 5199; baseline 0.005 -27"><span class='ocrx_word' id='word_1_278' title='bbox 322 5106 396 5199; x_wconf 64' lang='lat' dir='ltr'><strong>gb)</strong></span> <span class='ocrx_word' id='word_1_279' title='bbox 419 5113 570 5185; x_wconf 77' lang='lat' dir='ltr'><strong>Artatur·</strong></span> <span class='ocrx_word' id='word_1_280' title='bbox 597 5109 684 5199; x_wconf 72' lang='lat' dir='ltr'><strong>CVI.</strong></span> <span class='ocrx_word' id='word_1_281' title='bbox 712 5112 888 5197; x_wconf 56' lang='lat' dir='ltr'><strong>Orationem</strong></span> <span class='ocrx_word' id='word_1_282' title='bbox 917 5108 996 5197; x_wconf 70' lang='lat' dir='ltr'><strong>pag.</strong></span> <span class='ocrx_word' id='word_1_283' title='bbox 1099 5109 1429 5189; x_wconf 72' lang='lat' dir='ltr'><strong>(c)1rrArt·Poi&#39;r.</strong></span> 
     </span>
    </p>
   </div>
   <div class='ocr_carea' id='block_1_5' title="bbox 0 0 2096 5904">
    <p class='ocr_par' dir='ltr' id='par_1_7' title="bbox 0 0 2096 5904">
     <span class='ocr_line' id='line_1_35' title="bbox 0 0 2096 5904; baseline 0 4"><span class='ocrx_word' id='word_1_284' title='bbox 0 0 2096 5904; x_wconf 95' lang='lat' dir='ltr'><strong> </strong></span> 
     </span>
    </p>
   </div>
  </div>
 </body>
</html>
