4184 5904
417 301 490 416 66

417 522 632 636 respondet
659 549 743 638 quae
769 520 913 609 ordine
942 525 1054 610 CVI.
1085 540 1313 614 numeratur
1343 530 1449 645 (a):
1494 518 1581 609 fusi:
1604 527 1654 616 de
1676 525 1926 613 Invidiiffimi

418 647 616 752 Martyris
645 640 773 753 patrii
799 641 1018 728 sermonem
1051 642 1252 752 instituit,
1284 646 1478 761 tantique
1503 672 1591 728 eum
1617 650 1737 728 animi
1753 666 1929 729 conten·

417 767 532 846 tione
563 789 605 845 ac
635 758 782 842 fiducii
810 760 998 844 Romanis
1026 751 1185 857 asserit,
1216 781 1405 877 quantam
1435 766 1522 846 iure
1550 764 1590 844 in
1613 762 1798 868 sapiente
1823 762 1930 847 Viro

416 874 652 963 demirdre.
687 878 829 986 Itaque
855 877 1006 962 indicti
1027 877 1076 960 ab
1104 875 1289 986 Hispanis
1312 878 1457 978 causi,
1488 872 1722 988 prorsusque
1742 869 1929 962 insoluta.-

418 995 470 1080 tis
500 1019 697 1105 qua-pro
726 1021 863 1077 eorum
900 988 1096 1079 sententis
1139 991 1263 1108 vulgi>
1301 996 1450 1083 adduci
1485 989 1614 1082 solent
1654 997 1931 1108 argumentis,

417 1109 522 1222 quast
552 1109 650 1193 nihil
683 1107 751 1220 ipfi
778 1136 824 1193 ex
853 1110 931 1195 hoc
955 1116 1087 1223 capite
1113 1111 1335 1200 timendum
1363 1109 1487 1214 esset,
1519 1116 1561 1195 iu
1591 1107 1680 1198 aleae
1698 1109 1820 1224 pleno
1835 1136 1931 1223 ope·

415 1252 461 1312 re
485 1223 638 1312 securus
661 1223 818 1312 incedit
848 1253 919 1339 per
944 1234 1055 1340 ignes
1081 1227 1301 1340 suppostos
1316 1228 1456 1319 doloso
1473 1229 1628 1314 cineri.
1659 1231 1835 1315 Primum
1859 1253 1931 1310 au·
2068 1308 2075 1314 .

295 1437 298 1443 ,
417 1356 498 1429 tem
531 1342 707 1428 omnium
735 1369 781 1426 ex
805 1343 889 1454 ipso
903 1343 1321 1458 Gothico-Hispanico
1349 1351 1372 1435 ai
1398 1348 1437 1434 se
1464 1346 1831 1439 editoOrationum
1845 1342 1931 1426 Co·

416 1458 537 1561 dice3
568 1486 660 1544 mox
686 1480 733 1543 er
754 1457 908 1547 Vetere
924 1461 1124 1548 Vaticano
1148 1465 1226 1547 alin
1251 1472 1291 1548 in
1318 1492 1399 1570 quo
1427 1463 1665 1552 Laurentius
1692 1466 1813 1550 Crvrs
1838 1460 1929 1544 Ro·

379 1628 382 1637 ·
416 1602 565 1664 mnuvs
592 1573 774 1687 dicitur3
804 1589 995 1688 praterea
1026 1600 1075 1658 ex
1092 1574 1263 1681 Hymno
1291 1574 1502 1664 Prudentis
1529 1603 1647 1684 quens
1676 1580 1728 1658 de
1753 1578 1931 1659 Lauren·

416 1691 466 1776 tii
491 1694 658 1803 passione
689 1722 733 1779 ac
758 1691 968 1804 triumpho
996 1686 1322 1803 elegantissimum
1347 1692 1514 1806 panxit3
1542 1718 1587 1776 ac
1618 1690 1780 1776 demum
1811 1715 1856 1773 ex
1877 1687 1928 1774 il·

422 1803 470 1891 lis
496 1809 734 1896 Veronensrs
780 1807 1083 1894 sacramentarii
1116 1807 1290 1915 verbis,
1336 1837 1423 1925 quae
1464 1833 1590 1920 nuper
1626 1805 1928 1920 descripsimus,

417 1925 647 2013 universum
675 1924 966 2040 disputationis
1006 1932 1215 2037 negotium
1244 1927 1470 2015 consectum
1502 1924 1709 2015 arbitratus
1738 1949 1750 2006 c
1785 1931 1825 2009 in
1850 1924 1930 2009 haec

416 2042 539 2129 verba
567 2043 802 2131 sententiam
831 2044 1070 2157 pronuntiat
1103 2042 1199 2159 (b):
1230 2050 1282 2131 Si
1303 2047 1407 2134 nihil
1423 2046 1536 2134 aliud
1560 2044 1798 2132 decivitate
1827 2049 1933 2127 Sau-

413 2156 469 2246 cit
494 2161 707 2250 Laurentii
733 2161 947 2264 dicerem,
989 2156 1097 2250 titia
1135 2162 1248 2281 caustt
1281 2160 1408 2281 cffic-
1452 2164 1669 2286 oQuomodo
1697 2168 1798 2246 caim
1824 2169 1935 2249 tanti

413 2276 605 2392 PautiJscic
634 2275 862 2388 (sanctum
902 2280 1078 2363 Leonem
1118 2280 1310 2388 Magnum
1343 2279 1565 2394 inteiligit,
1605 2276 1682 2391 qui
1710 2277 1761 2361 de
1792 2300 1936 2362 renos

415 2392 581 2482 in'seriirs
611 2385 881 2501 disseremus)
909 2390 1164 2506 testimouium
1186 2396 1387 2502 infirmam
1403 2393 1556 2595 potest?
1904 2410 1914 2424 ·

322 2508 325 2517 ’
532 2506 643 2596 Falsa
670 2533 794 2622 porro
826 2509 1018 2619 triumphi
1048 2506 1221 2619 imagine
1242 2511 1431 2597 delinitus
1449 2515 1479 2596 B
1496 2509 1712 2608 anchinus,
1739 2507 1936 2594 advocata

413 2626 582 2715 Senatirs
595 2625 815 2742 Populique
834 2622 1028 2728 Romani,
1042 2629 1167 2712 immo
1181 2629 1410 2713 eoianacri
1425 2627 1601 2735 Collegii
1617 2626 1838 2739 Aposiolici
1855 2628 1933 2710 Pa-

415 2764 521 2830 trum
539 2750 758 2846 concione,
774 2769 962 2857 quomam
985 2743 1053 2827 sibi
1076 2769 1188 2828 more
1211 2754 1407 2831 maiorum
1424 2744 1588 2850 decerni
1607 2741 1801 2854 postulat,
1820 2742 1934 2854 quod

413 2864 559 2973 iniquis
588 2861 875 2946 Historicorum
908 2859 1147 2960 praeiudiciis
1177 2861 1401 2936 exulantem
1432 2857 1661 2936 Romanum
1695 2860 1841 2939 Civem
1873 2857 1934 2940 11-
2018 2926 2023 2933 .

280 3070 284 3074 ⁴
414 2975 676 3079 lustrissrmum
702 3022 717 3068 ,
748 2993 847 3052 rnus
876 2970 1056 3050 omnium
1098 2965 1220 3076 longo
1257 2965 1480 3052 seculorum
1520 2964 1763 3079 postliminio
1794 2977 1930 3082 patriae

415 3089 688 3178 vindicaverit
719 3079 1012 3194 restitueritque
1044 3079 1133 3198 (c)
1162 3146 1173 3168 .
1208 3084 1447 3197 Temperare
1476 3081 1622 3169 scilicet
1654 3081 1724 3169 srbi
1756 3088 1930 3199 nequit,

414 3207 615 3295 modestus
644 3192 895 3317 prudensque
921 3199 1160 3316 ceteroquin
1182 3205 1272 3305 vir,
1290 3207 1388 3317 quin
1408 3228 1486 3315 prae
1502 3197 1799 3314 supereffluente
1826 3233 1930 3318 gau-

410 3325 482 3409 dio
523 3351 634 3412 more
666 3324 857 3412 torrentis
888 3318 1112 3421 exundet,
1156 3319 1453 3433 cohibitamque
1495 3346 1540 3403 ac
1575 3311 1829 3434 compressam
1856 3323 1927 3407 diu

414 3440 549 3530 animo
583 3442 760 3528 laetitiam
786 3465 835 3524 eo
866 3465 1026 3552 quoque
1052 3435 1164 3521 nobis
1188 3457 1431 3552 argumento
1457 3435 1627 3548 prodat.

528 3549 639 3647 Tuta
664 3564 744 3644 iam
774 3551 847 3640 sub
877 3556 949 3638 hac
965 3551 1121 3663 Aegide
1150 3553 1340 3642 nonnulla
1370 3556 1443 3640 alia
1461 3554 1737 3642 coniediuralis
1770 3563 1925 3669 generis

415 3696 695 3789 argumenta,
741 3670 882 3789 quibus
911 3673 1095 3754 hactenus
1132 3668 1185 3752 ne
1226 3667 1376 3754 hiscere
1401 3669 1563 3781 quidem
1592 3669 1732 3758 datum
1765 3672 1925 3780 fuerat,

414 3823 554 3908 capere
582 3802 765 3906 ingentes
789 3791 969 3887 animos,
1000 3783 1137 3870 efferre
1163 3783 1273 3888 sese,
1304 3804 1423 3898 atque
1452 3789 1489 3868 ei
1511 3781 1719 3875 sententia
1746 3819 1830 3902 quae
1847 3796 1925 3879 Hi·

411 3908 536 4023 spanis
564 3906 668 3996 favet
696 3902 828 4020 palam
857 3923 1065 3991 occentare
1093 3899 1280 4005 audent,
1311 3905 1400 3989 Nec
1432 3906 1678 4014 Scriptorum
1704 3907 1925 4001 Blanchino

409 4026 509 4116 duce
532 4024 771 4116 demissiores
796 4018 883 4112 sunt
910 4025 1032 4110 animi
1064 4072 1079 4123 2
1109 4040 1179 4113 aut
1202 4019 1360 4112 fortuna
1387 4017 1600 4111 dissimilis.
1636 4025 1782 4112 Comes
1809 4028 1925 4137 Iaca-

1853 4151 1923 4235 bus

450 4388 509 4474 (a)
532 4395 610 4478 Pag·
630 4392 779 4462 CCXCII·
798 4384 830 4454 in
854 4387 1026 4476 prolegom.
1199 4380 1501 4474 (Sacramentrrium
1537 4382 1682 4474 intelligit
1713 4384 1922 4474 Veronense)

454 4479 502 4565 (b)
527 4485 604 4571 Pug·
630 4485 798 4552 CCXCIII·
817 4486 878 4568 sub
901 4489 1047 4565 initium,
1190 4488 1328 4572 puriores
1350 4485 1612 4566 aquarhauriam,
1629 4483 1839 4570 perficiuntque
1848 4500 1923 4568 pra·

454 4573 518 4658 (c)
541 4580 608 4664 Ego
628 4594 776 4660 utinquam
799 4597 834 4640 ut
856 4566 1021 4660 reponam?
1046 4569 1134 4650 Mc,
1185 4579 1266 4661 fecii
1277 4617 1290 4653 ,
1314 4589 1347 4640 ut
1368 4575 1587 4650 Laurentium,
1611 4594 1667 4638 nan
1683 4578 1920 4660 sigemundum,

408 4686 471 4734 cuc.
486 4664 814 4752 Adsimrstquauiam
829 4665 999 4759 s-aQt.
1016 4669 1132 4731 decreta
1193 4660 1301 4748 (sac)
1325 4687 1387 4732 cum
1405 4668 1447 4752 fit
1474 4672 1623 4734 Romanus
1646 4670 1728 4733 divis
1755 4671 1773 4732 d
1806 4685 1922 4734 numera

296 4768 313 4779 ‘
409 4763 487 4834 ciuis
499 4765 646 4827 Romanus
653 4759 744 4845 stum,
759 4758 955 4824 Laurentium
968 4763 1132 4825 Raraunum
1198 4761 1318 4824 Civium
1339 4780 1349 4830 3
1365 4759 1537 4842 fricaturi
1559 4761 1650 4823 tutius
1675 4758 1791 4835 Vrbis,
1815 4751 1853 4825 θ’
1867 4761 1925 4825 Sa-

395 4849 491 4934 susse
508 4856 598 4928 dieu,
621 4854 737 4918 vindica
757 4893 769 4928 ,
793 4868 893 4937 repeto
918 4867 1010 4933 atquc
1032 4850 1135 4937 coufir-
1194 4854 1238 4916 cri
1264 4854 1424 4933 Apostolici
1447 4851 1575 4934 Collegii
1609 4852 1816 4916 acclamatione
1841 4865 1926 4932 repc-

405 4963 449 5006 cua
480 4947 519 5006 ud
544 4943 669 5026 ciusdem
694 4944 802 5025 Populi
824 4946 953 5009 Romani
971 4944 1136 5026 gloriam-2
1193 4945 1312 5008 tardum
1336 4939 1389 5024 effe
1414 4938 1580 5021 fateamur
1605 4961 1727 5018 amatr,
1760 4935 1927 5009 Blandum

399 5033 576 5127 laudemque
596 5035 807 5118 sempiternam
830 5073 840 5093 ·
866 5027 908 5096 Et
933 5032 1026 5112 pauid
1056 5029 1136 5094 inse·
1195 5037 1311 5103 Atuot·
1335 5034 1423 5104 ott.
1447 5033 1525 5118 Pag·
1543 5032 1697 5103 CCXCII.

401 5119 495 5184 uus.
526 5127 577 5188 Etr
596 5126 649 5190 hac
678 5127 776 5208 igitur
798 5127 990 5211 iirupidifflrna
1016 5123 1135 5206 fautu
1640 5151 1641 5155 ¹
