4184 5904
287 334 398 476 164

275 555 340 640 tio
373 552 442 660 (u)
468 601 483 649 ,
511 548 550 632 &
577 544 744 638 Seniore
769 547 984 639 Blanchino
1011 550 1112 672 (b)
1143 552 1318 671 primlim
1343 551 1542 673 evulgatis
1568 587 1813 660 noveramus

280 666 544 782 (quamquam
574 690 653 752 non
680 666 780 756 delii
807 667 876 783 qui
896 669 1127 757 Romanum
1155 672 1219 789 (c)
1241 702 1333 761 eum
1362 673 1518 795 velit);
1549 683 1708 773 Athenis
1739 708 1814 772 ia-

279 811 371 870 meu
390 789 534 873 Atticis
557 783 709 871 Sixtum
738 807 904 886 natum,
935 785 1121 901 nusquam
1152 790 1247 877 alitis
1277 788 1345 876 nis
1375 797 1414 877 in
1445 798 1556 882 auis
1587 828 1650 886 me
1667 796 1807 913 legisse

279 905 474 1001 memini,
504 927 675 1015 quoium
707 922 916 1015 propterea
943 906 1111 991 auctori
1136 964 1151 1009 ,
1184 906 1310 997 modi>
1346 907 1399 997 de
1438 917 1608 1000 veritate
1633 939 1807 1022 caveat,

276 1020 572 1137 fii’uuyyiaioi
599 1020 648 1103 ab
674 1017 982 1107 Atheniensibus
1010 1018 1306 1112 decernendum
1332 1042 1459 1137 puto.
1486 1028 1554 1114 Ell
1579 1032 1742 1142 quidem
1761 1036 1809 1122 in

138 1182 145 1189 ·
280 1142 436 1257 duplici
467 1135 786 1236 Mazzarinensi,
817 1139 854 1221 8<
888 1131 1111 1225 Thunnenfi
1135 1142 1325 1230 Codice:
1357 1148 1539 1243 Graecus,
1570 1150 1619 1233 de
1642 1156 1811 1241 Athenis

280 1259 386 1378 (d);
416 1257 671 1369 posteriorem
700 1271 831 1339 tamen
865 1280 1001 1340 vocem
1030 1254 1273 1364 sublestani,
1305 1263 1493 1346 immo&
1521 1260 1807 1355 subdititiam,

283 1373 445 1465 censent
472 1368 665 1469 Erudiii,
694 1371 803 1480 quod
831 1396 903 1454 nec
933 1367 1167 1458 Blanchinus
1193 1375 1465 1464 inficiabitur.

400 1489 560 1579 Nollem
592 1508 724 1575 tamen
756 1489 833 1574 hac
862 1492 884 1570 ii
916 1515 978 1571 me
1006 1493 1047 1575 iii
1074 1519 1166 1577 eum
1197 1492 1317 1579 finem
1343 1499 1515 1604 praciaiia
1543 1495 1722 1602 censeri,
1756 1520 1808 1589 nt

283 1606 541 1723 responsionis
577 1607 842 1691 necesfitatem
882 1604 1090 1712 effugiam.
1122 1611 1284 1726 Qum,
1315 1607 1342 1694 si
1372 1608 1518 1699 sincera
1554 1624 1804 1731 genuinaque

283 1732 507 1828 Ariorum,
526 1749 610 1838 qua
639 1721 752 1806 nobis
787 1719 1022 1804 Blanchinus
1047 1724 1221 1826 obiicit,
1249 1727 1370 1813 verba
1401 1720 1478 1815 esse
1506 1731 1687 1817 volumus
1715 1786 1730 1835 ‚
1758 1764 1809 1822 ea

282 1845 336 1932 de
359 1850 446 1933 iure
470 1843 678 1937 ciuitatis,
709 1834 772 1922 vel
802 1833 855 1920 de
885 1839 1166 1948 ingenuitate,
1208 1844 1382 1931 maxime
1424 1845 1523 1931 veri>
1558 1851 1606 1934 de
1640 1857 1811 1938 Romanu

281 1959 485 2048 Laurentii
535 1960 704 2044 incolatu
740 1953 953 2040 commodi:
982 1959 1237 2071 interpretari
1278 1951 1512 2074 possumus.
1555 1968 1663 2055 Cum
1701 1977 1811 2055 enim

284 2080 425 2163 Roma
451 2078 680 2159 Laurentius
704 2072 726 2153 i
755 2096 878 2182 puero
904 2071 1007 2158 altus
1029 2093 1147 2186 atque
1178 2076 1390 2180 educatus,
1421 2077 1642 2197 insignique
1667 2084 1814 2169 Eccle-

282 2193 436 2281 fiastico
464 2191 590 2303 gradu
615 2195 746 2274 auitos
773 2181 903 2272 fuisset
931 2211 946 2291 3
989 2190 1216 2306 ibidemque
1254 2194 1333 2280 sine
1365 2199 1501 2280 animo
1531 2203 1582 2285 ad
1611 2207 1813 2315 propria,

283 2306 481 2397 redeundi
515 2302 761 2391 domicilium
801 2297 979 2393 fixisset:
1023 2308 1238 2411 Romam,
1282 2338 1361 2398 non
1402 2308 1506 2399 secus
1536 2345 1582 2403 ac
1612 2320 1669 2400 M.
1706 2324 1815 2402 Cato

284 2425 394 2537 apud
413 2419 615 2523 Tullium,
642 2427 745 2511 luris
762 2430 941 2535 patriam
959 2420 1023 2529 (r)
1056 2424 1233 2504 nancisci
1265 2433 1429 2534 potuit,
1458 2458 1585 2539 eoque
1612 2430 1723 2516 sensu
1753 2441 1815 2518 ci-

284 2551 345 2632 uis
373 2549 558 2628 Runtauus
586 2534 821 2651 appellari3
870 2530 1085 2642 prasertim
1132 2563 1227 2619 cum
1257 2564 1308 2620 eo
1340 2553 1521 2649 tempore
1562 2561 1674 2629 vetus
1707 2545 1814 2631 illud

287 2665 570 2772 municipum,
610 2676 729 2766 atque
759 2654 974 2739 incolarum
1012 2644 1223 2735 discrimen
1254 2647 1347 2764 (f)
1376 2658 1451 2739 iam
1478 2682 1588 2766 pane
1616 2661 1816 2748 exolevis-

284 2776 369 2862 set.
405 2778 506 2860 Sane
534 2801 614 2860 non
647 2771 728 2859 alio
751 2768 866 2881 quim
896 2768 1081 2854 incolatur
1116 2770 1197 2853 iure
1226 2763 1345 2852 Paula
1376 2768 1582 2874 Romana,
1610 2782 1708 2889 quia
1721 2777 1817 2894 sci·

286 2899 379 2985 licut
404 2899 505 2982 uniit
547 2894 596 2978 de
619 2912 731 2981 terra
748 2885 830 3002 sua
857 2940 871 2984 ,
895 2903 1209 2997 perpetuumque
1233 2883 1474 2972 Bethlehnni
1496 2892 1735 2979 domicilium
1745 2893 1814 3002 fi-

284 3020 381 3110 trit,
410 3037 515 3093 civis
541 3028 828 3099 saivnioiiis,
857 2999 898 3078 id
923 3000 978 3081 est
1007 2994 1631 3113 aarumueuuisiiHieronymo
1661 3008 1730 3119 (g)
1752 3003 1815 3121 ef-

271 3122 416 3238 fissa,
446 3123 619 3209 dlcltul'.

404 3242 468 3327 De
495 3236 620 3353 patrii
652 3253 697 3324 vt
721 3233 914 3322 Asturum
942 3231 1063 3319 verba
1094 3233 1365 3349 intelligamus
1388 3236 1513 3322 officit
1544 3241 1694 3328 Adonis
1723 3239 1815 3325 Au-

289 3366 479 3461 cionitas,
510 3384 624 3468 quam
656 3352 748 3439 alibi
779 3379 852 3463 pro
880 3349 992 3434 nobis
1019 3346 1311 3458 allegavimus.
1356 3354 1460 3436 Cum
1490 3358 1594 3439 enim
1624 3362 1665 3441 in
1692 3358 1815 3441 huius

286 3472 591 3588 Martyrologio
620 3473 853 3555 Laurentius
884 3461 1135 3551 disertissime
1165 3464 1560 3584 liispnnusdicatui:
1591 3469 1661 3554 nisi
1689 3475 1820 3557 acio·

288 3625 378 3680 rum
399 3595 541 3695 verba,
567 3616 649 3703 qua
679 3583 802 3699 longe
828 3610 943 3699 quam
968 3581 1124 3666 Adonis
1151 3581 1396 3698 generaliora
1422 3581 1539 3686 sunt,
1569 3585 1646 3672 alio
1674 3586 1818 3672 diver-

288 3718 444 3812 timus,
475 3705 646 3796 alteium
673 3732 722 3791 ex
753 3705 812 3790 his
843 3700 1112 3807 Scriptoribus
1149 3692 1363 3783 necessario
1397 3701 1630 3788 mendacem
1661 3700 1816 3788 efficie-

290 3855 397 3917 inus.
429 3829 512 3915 lam
539 3826 634 3916 veri>
662 3829 862 3939 egregiam
889 3808 1177 3901 Ecclesiasticus
1205 3813 1406 3928 interpres
1433 3812 1590 3906 laudem
1614 3819 1815 3916 referret,

1693 3936 1816 4026 siibi

331 4163 400 4236 (a)
434 4162 512 4226 Turn.
538 4161 563 4225 1.
588 4160 700 4243 Antip·
727 4156 889 4244 Ecclrfinss·
914 4157 946 4222 in
968 4150 1023 4239 api
1082 4152 1226 4222 Fnlrerti
1237 4184 1249 4213 ι
1436 4226 1445 4243 ‚
1512 4229 1521 4245 ι

281 4254 376 4337 pund·
395 4252 435 4315 ul
453 4253 533 4336 Opus
552 4251 794 4331 ctrunongtcun
825 4264 904 4317 uun·
918 4246 1020 4311 XXII·
1127 4241 1194 4316 (e)
1218 4284 1246 4319 „
1268 4224 1379 4321 Itaque
1405 4226 1536 4320 (lnquit
1564 4231 1685 4303 Cicero
1712 4241 1755 4304 11.
1781 4239 1821 4304 de

284 4357 361 4427 pag·
383 4354 458 4406 611·
1083 4378 1112 4414 ,,
1137 4330 1244 4415 Leg'ib.
1261 4332 1315 4408 2.)
1340 4347 1414 4391 cum
1433 4340 1505 4389 ortu
1520 4321 1710 4393 Tusculanus
1726 4321 1819 4407 esser,

200 4442 202 4447 “
337 4427 410 4508 (b)
438 4433 515 4496 run:
536 4433 561 4497 1.
589 4430 731 4516 Annstuili
746 4448 821 4515 pag·
842 4428 965 4497 XXIV.
988 4441 1023 4492 ε
1084 4469 1111 4504 ,,
1137 4419 1266 4505 (Cato)
1289 4413 1415 4483 civitate
1436 4409 1623 4497 Romamn,
1647 4413 1819 4482 habuit-ni.

291 4515 373 4586 Item
398 4526 474 4587 iin-
497 4523 538 4588 ii.
552 4536 628 4606 pag.
652 4523 745 4588 XIV·
768 4514 808 4589 (Τ
830 4522 928 4606 tinsd·
946 4521 1024 4587 Turno
1083 4559 1110 4596 „
1135 4504 1468 4592 ieramlocipetiiam,
1489 4504 1727 4590 alteremiutis,
1748 4502 1822 4576 Ro-

283 4629 362 4700 pug·
379 4614 533 4680 ccxiiii.
558 4609 591 4675 i'n
612 4608 723 4675 Sixto·
1084 4648 1110 4687 ‚,
1137 4622 1218 4668 mam
1241 4596 1380 4666 scilicet.

336 4708 398 4774 (r)
435 4699 605 4787 Catelogiir
626 4694 722 4766 Rom·
743 4696 831 4763 Pont.
856 4722 896 4766 ex
919 4700 1023 4769 vero·
1125 4691 1202 4778 (s)
1227 4688 1305 4762 Vld·
1323 4681 1389 4755 Tlt·
1413 4683 1446 4753 ff'·
1467 4689 1705 4786 nlntnnicipnl.
1722 4685 1819 4756 &lbi

294 4784 393 4857 ncofis
406 4784 549 4857 Ecclesia
562 4787 686 4856 Codice
698 4808 791 4875 quem
806 4788 917 4856 Iunior
929 4789 1024 4855 Blao-
1087 4781 1237 4853 Heioecc.
1264 4779 1369 4849 Elem·
1390 4776 1472 4847 luris
1491 4776 1550 4844 lec.
1572 4778 1672 4847 ordio.
1695 4778 1818 4849 Pande·

294 4879 405 4949 chinus
436 4877 667 4967 prolegomenis
689 4874 786 4944 Tum·
809 4881 875 4950 IV.
898 4877 1030 4948 Auella-
1088 4871 1165 4943 aar.

293 4967 328 5038 fii
352 4970 478 5038 inseruit
503 4978 581 5057 s'ug·
607 4975 668 5041 ΙΙΙ.
688 4972 791 5037 tall·
1138 4974 1207 5053 (g)
1242 4964 1281 5030 In
1309 4959 1480 5055 Epitaphio
1510 4962 1612 5034 Paulae
1640 4959 1679 5030 ad
1700 4957 1827 5033 Euston'

340 5065 397 5143 (l)
423 5062 488 5144 Ap.
511 5058 670 5129 Senioicm
693 5053 854 5127 Blanchin·
879 5059 972 5129 Toto.
986 5058 1032 5125 ll.
1092 5055 1199 5128 chium
1215 5060 1278 5151 fill
1288 5060 1347 5148 fiis·

156 5213 159 5219 ,
291 5144 447 5223 noetiani
482 5155 562 5241 Peg.
600 5155 724 5220 XXVI·
756 5156 833 5226 intrr
872 5159 1036 5228 Varianus
