4184 5904
465 531 576 628 fuisse
593 512 619 637 ,Ι
637 512 880 648 publicisque
910 523 1336 644 muneriburegregii·
1353 516 1537 638 fundum
1569 529 1657 614 lum
1673 519 1844 615 maxime
1863 530 1974 643 quur·

465 686 556 742 rum
583 654 813 738 memoriam
839 647 1039 733 cineribus
1075 646 1388 734 contumulatam
1424 641 1570 733 ncilsem
1599 666 1611 725 t
1643 642 1858 731 decorum
1885 670 1965 756 pa·

466 768 574 865 trib,
601 763 737 851 lludiis
763 818 778 864 ,
806 793 850 850 ac
877 762 1079 875 praecipuis
1106 760 1221 872 gestis
1247 787 1368 874 pauca
1394 751 1596 876 sepulcrali
1624 759 1761 874 elogio
1792 760 1969 867 subneciq

468 909 625 983 terem,
655 878 868 997 sontesque
889 875 996 965 ende
1022 877 1179 992 plenior
1206 877 1392 990 ipsorum·
1405 879 1551 967 notitia
1573 879 1724 964 hauriri
1751 871 1879 989 posset
1896 883 1964 990 inf

463 1002 666 1089 dicarem.
1787 1050 1790 1054 ι

584 1123 679 1204 Hac
707 1113 1036 1202 sueratuniversa
1063 1111 1256 1228 propositi
1280 1109 1401 1201 nostri
1436 1121 1571 1216 ratio,
1599 1128 1726 1229 quam·
1742 1107 1840 1197 dum
1863 1137 1960 1222 pro·

466 1237 554 1352 piiu
590 1257 729 1342 urgere
760 1231 969 1343 incipimus
998 1258 1098 1343 aqua
1135 1231 1274 1317 denuo
1304 1233 1416 1318 nobis
1453 1228 1558 1318 husu
1635 1229 1742 1314 Cum
1776 1230 1961 1316 etenim,

464 1357 675 1440 Summum
696 1346 927 1432 lintistitem
954 1346 1177 1435 Damasum
1203 1347 1390 1433 doctrina
1412 1377 1457 1434 ac
1475 1344 1695 1457 Dignitatis
1721 1342 1870 1446 laude,
1891 1369 1960 1430 ara·

464 1468 646 1580 chetypis
675 1481 861 1575 praterea
892 1465 1158 1550 monumentis
1188 1461 1312 1574 ipsius-
1332 1471 1501 1551 norrrine·
1527 1459 1740 1573 inscriptio
1759 1462 1802 1543 &a
1835 1455 1960 1574 asquia

462 1583 602 1671 Rornae
631 1578 901 1693 superstitibus
938 1598 1029 1664 ante
1063 1577 1160 1665 alios
1201 1574 1453 1667 illustriorem
1473 1636 1498 1681 ,-
1534 1577 1707 1690 dignum
1739 1603 1814 1688 pre
1842 1596 1960 1663 caete·

463 1706 517 1789 ris
544 1701 809 1794 arbitramur,
840 1700 910 1809 qui
938 1695 1206 1810 Hispanorum
1229 1723 1372 1807 agmen
1398 1703 1581 1807 inopere
1604 1693 1736 1779 noll'ro
1764 1690 1949 1779 duceret:

461 1812 739 1903 nonnullorum
767 1809 1245 1899 Recentlumuuctoritas
1260 1810 1502 1912 intercessit,
1531 1812 1607 1924 qu'r
1621 1813 1811 1895 Veterum
1837 1807 1959 1896 sidem

460 1930 621 2021 lubricis
650 1928 887 2014 coniecturis
918 1927 1190 2038 posthabentes
1221 1928 1462 2027 Damasum,
1493 1927 1604 2013 secus·
1627 1946 1748 2039 arque
1773 1926 1959 2011 hactenus

461 2046 661 2134 cruditum
688 2042 846 2142 fuerat,
877 2044 1068 2128 Romanis
1085 2043 1255 2129 Civibus
1281 2044 1624 2130 adnumerandum
1651 2040 1864 2142 censuere,
1895 2045 1960 2152 ipa·

458 2162 626 2275 sumque
651 2165 801 2257 etiam,
829 2156 867 2244 fi·
886 2160 1048 2274 Superis
1074 2159 1236 2274 placet,
1260 2161 1557 2252 Launnurrum
1574 2162 1756 2248 Leuitam
1779 2167 1826 2247 dc.
1845 2156 1957 2242 Mar·

457 2294 592 2393 tyrem
618 2270 934 2364 invictitlmum.

553 2397 784 2505 'Conqueri
822 2391 996 2507 primaint
1028 2420 1104 2512 ego
1135 2411 1362 2512 tempomm
1401 2399 1623 2486 nostromm
1661 2396 1950 2508 iniquitatem,
2049 2420 2051 2424 ⁴

460 2511 572 2629 'qubd
594 2531 758 2598 tantum
790 2511 1027 2599 Tribunitiae
1066 2517 1436 2626 Hypercriticorum
1466 2514 1656 2601 Potestati
1687 2517 1783 2596 iuris
1809 2516 1954 2622 parmi*

453 2633 582 2727 ferit,
613 2648 699 2709 tum
726 2623 893 2710 radium
922 2655 966 2713 ac
990 2629 1186 2740 propositi
1211 2629 1364 2714 satietas
1386 2633 1627 2741 consequuta
1654 2629 1709 2713 eli
1738 2628 1952 2712 incredibi-

452 2747 536 2845 lis,
568 2759 611 2827 ut
636 2737 708 2826 nisr
736 2745 814 2829 iant
840 2741 891 2827 ed
909 2736 1166 2858 processissem
1195 2742 1300 2832 vnde
1327 2745 1460 2848 pudor
1482 2746 1623 2854 lexque
1645 2750 1777 2854 operis
1804 2743 1950 2851 pedem

453 2859 606 2947 referre
635 2857 936 2966 prohibebant,
969 2856 1019 2933 n‘e
1046 2854 1176 2936 hilum
1205 2851 1365 2966 quidem
1392 2856 1443 2943 de
1462 2886 1511 2941 eo
1538 2853 1946 2969 penitusabiiciendo

305 2975 308 2978 ’
450 2961 739 3061 dubitailsem·.·
756 2960 857 3050 Satis
878 2969 987 3053 enim
1013 2965 1035 3052 d
1063 2991 1127 3052 me
1150 2964 1368 3081 imparatus
1396 2972 1445 3058 ad
1473 2974 1537 3058 has
1563 2969 1950 3084 difficultates-supe·

449 3087 621 3186 modae,
652 3079 768 3172 nullo
799 3098 986 3194 praterea
1022 3081 1216 3172 librorum
1247 3092 1316 3199 qui
1347 3088 1562 3177 admuntis
1591 3087 1715 3180 elsent
1745 3087 1950 3205 prasidio,

448 3235 583 3322 neque
608 3218 654 3290 vt
683 3199 895 3315 oportebat
917 3198 1099 3305 otiosus,
1131 3200 1203 3314 qul
1225 3206 1446 3292 concitatos
1471 3208 1519 3293 ab
1546 3206 1632 3295 aliis
1662 3204 1851 3299 tumultus
1877 3226 1949 3294 aut

447 3322 586 3415 sedare
612 3315 692 3432 ipse
723 3307 897 3431 pulsem,
926 3325 995 3405 aut
1016 3320 1371 3410 nouoscoucrtare
1395 3320 1561 3410 subinde
1594 3325 1770 3416 vellem?

562 3441 700 3525 Vnum
728 3432 824 3523 illud
858 3430 1100 3551 supererat,
1130 3435 1158 3520 sr
1187 3466 1283 3554 quo
1297 3434 1380 3523 astu
1418 3435 1733 3531 adversariorum
1774 3445 1942 3554 impetita

355 3566 372 3605 ·’
445 3551 990 3669 declinandoz,.·eorumque
1027 3574 1246 3669 utcumque
1285 3551 1363 3640 tela
1401 3558 1672 3648 retundendo·
1699 3565 1802 3647 viam
1845 3561 1945 3646 mihi

445 3669 751 3787 quodammodov
770 3668 829 3752 ad
856 3694 938 3753 rem
969 3668 1138 3758 nostram
1171 3675 1365 3785 aperirem
1397 3724 1421 3773 ,-
1454 3670 1583 3761 donec
1615 3676 1837 3762 instructior
1864 3677 1945 3761 do·

443 3790 691 3876 naelllcmum
734 3780 1082 3899 aliquisecquiore·
1112 3785 1201 3874 loco
1239 3813 1410 3902 pugnam
1449 3777 1707 3900 capesseret,
1751 3786 1945 3903 deque..-

292 3889 309 3909 ‘
440 3901 589 3991 summa
617 3928 748 3989 rerum
780 3904 864 3986 acie
890 3931 983 3987 cum
1020 3903 1130 3991 hoste
1159 3902 1407 3993 decertaret.
1440 3907 1679 3994 Hinc‘mihi
1718 3899 1947 3995 disserendi·

288 4030 304 4057 ·’
440 4026 625 4108 materies
653 4009 847 4133 huiusque
878 4024 1009 4136 operis
1047 4043 1340 4138 argumentum·
1369 4017 1668 4122 enatumfuit,
1698 4022 1807 4134 quod
1839 4021 1937 4112 dum

439 4143 482 4224 in
505 4135 773 4250 Hispanorum
803 4141 1209 4247 gratiamuemaculo
1239 4135 1416 4226 sermone
1443 4134 1576 4246 paullo
1608 4134 1724 4227 lariiu
1752 4137 1944 4254 persequi·

439 4252 602 4355 lludeo,
632 4250 786 4337 libellus
803 4247 901 4353 rue,
929 4251 1041 4366 quod
1066 4253 1117 4343 ni
1141 4248 1360 4364 cogitaram
1387 4249 1580 4365 quidem,
1611 4255 1832 4342 cmunlbus
1848 4255 1936 4346 ela·

434 4371 548 4461 bitur
575 4366 711 4454 meis.⁴
1161 4406 1171 4417 ’
1563 4368 1567 4377 “
1940 4416 1946 4455 ;
2080 4380 2085 4387 ’

551 4488 590 4572 Is
608 4513 693 4570 cum
711 4487 861 4573 interea
884 4488 1119 4576 Amicorum
1145 4477 1346 4576 nonnuliis
1381 4517 1548 4607 quorum
1577 4491 1795 4608 plurimum
1825 4492 1936 4607 apud

437 4631 500 4693 me
529 4599 631 4689 valet
655 4608 869 4689 austoritas
896 4600 1086 4722 legendus
1113 4607 1337 4692 traderetur
1365 4665 1381 4713 ,
1424 4636 1555 4724 neque
1581 4612 1681 4698 adeo
1711 4605 1811 4696 visus
1839 4601 1950 4696 elset'
2042 4706 2047 4714 ¹

436 4716 645 4807 informis:
675 4718 822 4804 obnixe
847 4717 870 4804 d
895 4750 960 4808 me
976 4740 1132 4811 oratum
1161 4724 1362 4830 veniunt,
1395 4744 1440 4811 ut
1457 4727 1579 4812 Latio
1607 4733 1838 4842 quantocius
1855 4725 1936 4813 do·

437 4857 575 4921 uatum
607 4835 758 4948 publici
782 4836 878 4923 iuris
905 4836 1098 4928 facerem.
1131 4839 1319 4926 Abnuere
1348 4838 1438 4955 ipse
1456 4845 1631 4955 primitm
1661 4839 1935 4961 angustiasque

440 4957 637 5071 temporis
664 4948 771 5072 apud
795 4981 864 5044 eos
885 4954 1069 5063 causari,
1099 4958 1238 5048 verum
1267 4952 1310 5045 id
1337 4985 1410 5075 per
1426 4959 1620 5077 speciem3
1650 4989 1693 5052 re
1722 4960 1807 5089 ipss
1834 4986 1936 5044 cou-

1748 5102 1753 5110 '
1846 5094 1939 5166 teu·
