4184 5904
666 529 839 624 Colleiiio
856 527 937 649 post
964 535 1145 624 aomina.

269 773 521 890 „Concede
551 770 661 859 nobis
694 769 870 857 Domine
901 767 1070 878 gratiam
1097 781 1207 856 tuam
1236 768 1278 857 in
1310 769 1421 856 Beati
1447 772 1669 860 Lavuaurr

153 962 185 1012 „
216 904 403 1012 martyris
428 891 657 977 celebritate
689 885 984 999 multiplicem:
1018 903 1062 970 vt
1086 883 1136 971 de
1155 889 1257 974 tanti
1291 913 1419 1000 agone
1446 888 1672 975 certaminis

154 1077 183 1128 „
211 1019 338 1107 discat
373 1006 537 1127 populus
569 1005 816 1092 Christianus
851 1007 891 1086 &
922 998 1076 1093 firmam
1112 998 1279 1093 solidare
1328 1006 1606 1118 patientiam,
1634 1005 1673 1089 &

155 1193 186 1245 „
216 1141 281 1254 pii
309 1130 486 1222 exultare
521 1120 716 1216 victoria.

687 1354 860 1447 Colleliio
888 1359 941 1444 ad
973 1362 1140 1449 Pacem.

271 1663 304 1715 „
331 1605 461 1691 Sancti
490 1599 715 1686 Lavaauru
752 1591 1031 1702 nosDomine
1064 1593 1280 1710 quesumus
1326 1595 1505 1709 precatio
1546 1599 1676 1698 iusta,

155 1743 376 1830 „tueatur
407 1747 419 1806 ε
460 1714 636 1828 &quod
670 1711 798 1798 nostra
835 1714 1077 1799 conscientia
1107 1738 1191 1794 uon
1220 1705 1414 1824 praesumit
1442 1721 1525 1804 eius
1561 1724 1676 1811 nobis

160 1899 192 1948 ‚,
219 1844 285 1956 qui
321 1839 392 1927 ribi
430 1833 577 1949 placuit
602 1833 784 1924 oratioue
812 1827 1021 1919 donetur.
1063 1830 1142 1913 Per
1167 1827 1389 1920 Dominum
1417 1832 1599 1922 nostrum,
1626 1841 1677 1929 fi.
1740 1930 1743 1934 .

160 2020 193 2068 „
222 1959 323 2047 lium
349 1974 496 2048 tuum.

712 2192 928 2280 immolatae
955 2182 1107 2304 Mffe.

277 2440 307 2533 3,
335 2423 444 2519 Vere
472 2427 640 2534 dignum
657 2428 697 2508 δι
725 2420 866 2505 iullum
883 2419 965 2507 est:
995 2421 1250 2528 omnipotens
1279 2411 1514 2538 sempiterne
1548 2432 1673 2544 Deus,

162 2557 195 2656 ᾗ,
223 2549 296 2636 tibi
330 2550 370 2630 in
398 2549 499 2629 tanti
538 2544 725 2649 martyris
752 2537 976 2651 Lavaeurr
1005 2531 1129 2621 laudis
1156 2535 1294 2623 hostias
1320 2542 1524 2634 immolare
1553 2578 1565 2636 ε
1599 2561 1669 2666 qui
1700 2588 1701 2593 ¹

59 2718 65 2724 -
164 2661 392 2768 „hostiam
424 2663 627 2745 viventem
667 2651 788 2765 hodie
829 2661 872 2744 in
912 2650 1031 2767 ipsaus
1067 2653 1258 2740 strrae
1288 2683 1363 2750 avt
1394 2664 1521 2750 Bunrr
1554 2668 1674 2754 Lav-

161 2834 192 2885 „
222 2806 354 2866 neura
383 2775 576 2881 Martyris
606 2768 821 2862 ministerio
854 2799 924 2883 per
951 2769 1090 2855 florern
1126 2771 1217 2856 casti
1254 2783 1429 2892 corporis
1462 2785 1670 2897 accepisti.
1698 2776 1700 2781 ’

158 2949 190 3000 „
218 2899 349 2978 Cuius
380 2915 519 2973 vocem
548 2915 620 2998 per
651 2886 926 2993 hymnidicum
966 2881 1223 2970 modulamini
1253 2889 1351 3010 (a)
1383 2893 1520 2983 Psalmi
1549 2904 1669 2990 audi·

160 3065 191 3118 „
220 3014 346 3095 vimus
385 3002 565 3088 canentis
595 3023 714 3113 atque
742 2995 956 3085 dicentis:
1000 2997 1176 3084 Probasti
1221 3031 1293 3090 cor
1329 3041 1460 3099 meum
1492 3015 1672 3109 Deus&

160 3151 192 3236 ,3
222 3121 378 3214 visitasti
412 3126 568 3204 nouem
603 3115 742 3232 (ste),
777 3113 890 3202 idell
916 3120 959 3199 in
989 3115 1159 3200 tenebris
1188 3117 1337 3212 saculi:
1366 3135 1459 3243 igne
1489 3161 1552 3224 me
1579 3165 1670 3224 exa-

159 3299 190 3350 „
219 3237 370 3329 minalli
400 3234 624 3319 &nonest
654 3238 819 3318 inventa
847 3239 889 3317 in
922 3259 986 3320 me
1016 3235 1235 3343 iniquitas.
1271 3247 1311 3326 Ο
1337 3245 1347 3324 !
1378 3242 1546 3359 gloriosa
1578 3281 1669 3342 cer-

159 3415 192 3468 „
221 3361 382 3446 taminis
405 3357 555 3437 virtus.
588 3346 658 3434 0!
692 3334 914 3436 inconcussa
940 3343 1161 3434 constantia
1191 3351 1446 3444 confitentis.
1477 3367 1665 3461 stridunt

158 3530 190 3581 „
222 3471 395 3558 membra
418 3471 593 3553 uirentia
625 3464 743 3577 super
765 3463 994 3578 graticulam
1022 3463 1237 3575 impofita:
1271 3474 1473 3586 &prunis
1504 3479 1665 3572 savien·
1745 3511 1748 3516 ·

158 3645 189 3696 „
222 3589 363 3688 tibus,
394 3581 620 3672 anhelantes
649 3581 726 3710 (b)
748 3581 956 3672 incensum
982 3577 1093 3667 suum
1127 3584 1169 3666 in
1200 3585 1360 3676 modum
1394 3593 1676 3707 thymiamatis,

159 3760 190 3811 „
219 3704 368 3790 divinis
395 3702 550 3787 naribus
578 3701 763 3788 exhibent
791 3698 984 3790 odorem.
1017 3697 1128 3788 Dicit
1146 3706 1253 3792 enim
1271 3707 1429 3821 Martyr
1459 3711 1542 3828 ipse
1569 3746 1660 3809 cum

159 3875 190 3926 2,
221 3817 379 3907 Paulo:
409 3818 557 3906 Chrissi
586 3820 715 3904 bonus
741 3815 845 3904 odor
874 3815 1029 3902 sumus.
1058 3820 1155 3904 Nou
1189 3827 1300 3913 enim
1330 3828 1531 3942 cogitabat
1560 3865 1661 3949 quu-

160 3992 192 4043 „
220 3934 342 4024 modo
369 3941 533 4025 interra
559 3931 706 4046 politus
736 3927 957 4043 apauonis
982 3933 1164 4040 periculo
1177 3940 1442 4048 liberaretur3
1473 3947 1538 4038 sed
1560 3981 1664 4067 quo.

159 4108 191 4160 „
223 4049 341 4141 modo
365 4060 470 4144 inter
499 4053 699 4162 Martyres
728 4045 894 4131 incaelis
925 4066 1211 4134 coronaretur.
1241 4055 1319 4139 Per
1338 4061 1539 4151 Christum
1569 4072 1659 4157 Do.

164 4222 195 4276 2,
225 4171 611 4260 minum‘nollrum.
643 4168 719 4255 Per
752 4190 899 4280 quem.

207 5147 255 5239 (a)
278 5149 393 5222 Furti:
417 5151 592 5224 modulati·
957 5145 1017 5234 (b)
1039 5148 1158 5228 Forte:
1184 5153 1376 5233 anhtlaatiu.
