4184 5904
1687 302 1788 415 161
1907 338 1910 343 ·

281 535 351 612 aut
376 520 534 639 prisii,
559 525 743 637 quinque
769 516 975 607 nrinimirm
1004 514 1143 607 iaculis
1168 544 1211 605 re
1239 520 1292 606 de
1309 546 1383 633 qua
1409 516 1639 631 perhibetur
1664 542 1804 607 receu-

276 650 357 728 tius
384 640 467 729 fore
497 635 646 726 necesse
680 638 758 723 fit:
791 664 870 723 non
903 633 1024 725 video
1056 634 1154 752 quid
1182 637 1310 723 maior
1337 636 1403 723 illa
1429 637 1542 725 vuius
1570 634 1693 721 sacculi
1725 661 1803 749 prae

280 756 426 844 Adone
450 762 690 869 antiquitas,
720 775 920 845 arcetrra
934 752 1021 869 stat
1036 757 1187 870 parsu,
1217 750 1336 839 fidem
1352 762 1433 841 eius
1459 752 1637 852 codicis,
1666 757 1722 837 rei
1750 751 1802 835 de

281 901 360 987 qua
377 873 530 982 agimus
547 868 826 958 confirmanda
850 878 986 958 iuuare
1011 872 1126 983 poisrt
1145 893 1159 972 3
1189 899 1270 957 non
1285 875 1408 982 magis
1424 900 1468 957 ac
1490 872 1515 953 st
1542 873 1653 985 quis,
1668 896 1803 955 exem-

280 988 336 1101 pli
372 990 537 1102 gratii,
582 1014 654 1099 pro
683 987 890 1074 astruendo
918 986 1022 1072 sado
1051 987 1159 1098 quod
1191 992 1231 1073 in
1273 1015 1417 1073 annum
1456 988 1600 1073 incidit
1638 1010 1802 1072 cuarsrr

278 1106 438 1192 MCC:
471 1103 596 1190 saculi
631 1106 766 1188 XVII.
794 1104 904 1218 quod
931 1104 1112 1213 proxime
1146 1100 1320 1216 elapsum
1350 1099 1425 1193 suit
1452 1156 1469 1205 ,
1497 1105 1611 1216 quim
1640 1100 1804 1188 XVlll.

285 1228 326 1305 in
360 1248 444 1332 quo
476 1222 673 1319 uiuimus,
701 1219 969 1309 tessimonium
1000 1218 1246 1333 prestabilius
1284 1219 1660 1306 existimaret.1am
1706 1217 1803 1303 reri)

280 1337 606 1425 Blanchinianum
632 1335 844 1439 codicem,
873 1346 994 1425 immo
1018 1341 1136 1423 etiam
1155 1339 1428 1424 Laurentianac
1457 1330 1806 1423 MilsaeCoutella·

282 1452 602 1567 tionem,qualis
619 1482 667 1540 ex
695 1449 780 1565 ipso
805 1456 918 1540 uobis
941 1452 1154 1554 obiicitur,
1169 1450 1306 1544 seculo
1329 1458 1444 1541 Vlll.
1459 1454 1699 1563 antiquiores
1717 1476 1804 1535 non

285 1564 387 1658 elle:
419 1568 563 1683 prioris
589 1566 691 1657 illius
712 1568 940 1657 characteris
969 1568 1162 1685 specimen
1190 1570 1451 1659 aiBlanehino
1482 1568 1734 1667 exhibitum,
1758 1568 1801 1653 &

280 1687 511 1808 posterioris
535 1686 648 1773 huius
671 1686 815 1798 pluris
841 1686 1075 1776 coniiciendi
1106 1684 1348 1776 occasionem
1379 1686 1573 1800 praebeut.

396 1802 598 1891 Consulto
626 1802 784 1890 adieci:
818 1826 862 1894 at
885 1827 1025 1896 catera
1043 1802 1131 1921 stat
1147 1812 1298 1923 paria.
1334 1804 1457 1925 Qid-
1488 1802 1585 1892 ueri>
1610 1799 1636 1887 sa
1665 1808 1802 1915 potior

282 1953 359 2041 prae
394 1925 622 2034 antiquiore
658 1925 855 2014 recentior
889 1923 1047 2025 codex,
1079 1939 1147 2011 aut
1173 1923 1287 2009 huius
1319 1916 1500 2034 pratillo
1535 1918 1803 2004 testimonium

282 2048 457 2155 apertius
482 2054 601 2148 atque
616 2037 883 2156 incorruptius
901 2038 1054 2127 suerit?
1085 2040 1137 2121 Et
1165 2036 1323 2146 quidem
1346 2034 1533 2125 Adonem
1562 2034 1712 2119 clarum
1739 2033 1808 2117 sae-

280 2158 362 2245 culi
378 2159 448 2247 lx.
465 2156 713 2253 Audorem,
739 2155 1031 2267 multiplicique
1056 2152 1284 2239 testimonio
1298 2153 1617 2240 commendatum
1633 2152 1703 2266 (a)
1734 2145 1808 2233 sci·

280 2300 393 2382 mus,
419 2298 509 2356 cunr
526 2265 700 2381 quisquis
721 2268 786 2357 ille
815 2269 935 2355 fuerit
965 2269 1207 2357 Veronensis
1238 2269 1413 2371 codicis,
1444 2263 1540 2353 ticet
1554 2264 1805 2379 antiquioris,

280 2390 491 2498 Scriptor,
522 2385 587 2469 seu
616 2390 751 2493 potiris
778 2384 1091 2471 Consarcinator
1111 2436 1125 2483 ,
1148 2386 1279 2470 obesas
1298 2384 1556 2503 quascumque
1586 2388 1808 2498 Litargicas

271 2500 498 2623 prarrrstnr
513 2497 687 2597 deletio,
714 2524 836 2613 arque
848 2502 982 2585 ordine
998 2499 1067 2614 (b)
1086 2508 1131 2585 in
1154 2526 1270 2587 anum
1296 2505 1460 2589 codicem
1474 2504 1669 2615 cue'grrr't.
1702 2504 1810 2583 Prae·

280 2638 386 2706 terea
403 2612 648 2699 Veronensis
675 2615 840 2699 Codicis
862 2613 967 2700 locus
998 2642 1076 2703 nou
1103 2613 1303 2700 modoad
1332 2622 1496 2729 patriam
1524 2667 1539 2715 ,
1566 2621 1805 2711 ciuitatem,

280 2729 530 2850 palstonem,
558 2728 824 2818 &incolatum
840 2734 1044 2819 Laurentii
1068 2726 1362 2841 fignificandum
1387 2734 1621 2843 arrrbiguus,
1654 2727 1718 2814 sed
1753 2730 1804 2813 de

283 2854 393 2938 uitio
416 2864 482 2933 aut
510 2842 820 2961 interpolatione
851 2845 1144 2961 suspeetitfimus
1174 2849 1256 2947 est,
1290 2846 1546 2939 utuidimus:
1574 2846 1729 2935 Adonis
1745 2851 1807 2929 irr-

282 2980 496 3074 corruptus
529 2989 575 3043 ac
617 2962 822 3070 pressior,
862 2962 994 3072 deque
1035 2964 1263 3047 sanctisimi
1296 2968 1445 3049 Levitae
1481 2971 1608 3074 patria
1638 2967 1807 3052 omnino

284 3076 639 3190 interpretandus.
673 3072 871 3159 Rursum:
902 3076 1055 3159 Adonis
1086 3074 1321 3163 sententiam
1350 3104 1468 3166 nemo
1494 3107 1573 3165 uon
1602 3104 1807 3182 veterum,

283 3224 358 3285 nec
384 3195 604 3278 recentium
637 3191 686 3273 ab
719 3183 896 3273 eiusdem
928 3216 1013 3278 arvo
1039 3190 1288 3304 Scriptorum
1325 3191 1511 3304 sequutus
1540 3191 1643 3309 suit3
1673 3198 1808 3284 Vero·

283 3310 414 3402 nensis
442 3302 645 3409 Codicis,
673 3305 701 3390 sr
730 3302 921 3390 Manlium
952 3305 1213 3394 Caluinistam
1241 3309 1402 3412 demas,
1433 3308 1585 3397 nullus.
1617 3316 1807 3428 Denique

283 3426 442 3515 Adonis
465 3421 734 3511 testimonium
762 3420 1009 3511 vetustorum
1036 3424 1224 3513 codicum
1247 3420 1362 3524 fide,
1397 3422 1685 3541 multiplicique
1711 3458 1809 3515 con·

283 3539 434 3631 iet‘iurai
473 3569 521 3626 ex
551 3540 660 3627 libris
697 3542 917 3652 Liturgicis
944 3593 959 3643 ,
988 3562 1108 3657 atque
1137 3539 1314 3629 Ecclesrae
1341 3543 1524 3629 Patribus
1553 3544 1808 3649 adiuvatur,

286 3659 529 3747 Veronensis
555 3661 716 3747 Codicis
744 3658 952 3746 audoritas
969 3657 1168 3775 singularis
1198 3658 1285 3763 eli,
1317 3685 1405 3743 nam
1423 3663 1609 3748 Vaticani
1641 3658 1806 3749 Codicis

285 3776 421 3877 locus,
441 3805 560 3891 quem
576 3777 817 3863 Blanchinus
842 3780 1002 3864 unicum
1022 3788 1062 3864 in
1078 3783 1159 3866 eius
1176 3776 1515 3867 confirmationem
1532 3772 1675 3881 affert,
1707 3775 1810 3863 nihil

287 3892 522 3994 concludit,
551 3915 595 3981 ut
623 3888 997 3979 inferiisdicemus.
1030 3898 1154 3980 Mitto
1170 3893 1363 3980 infirmant
1383 3897 1626 3983 Veronensis
1642 3894 1808 3982 Codicis

284 4012 407 4099 fidem
439 4014 478 4095 in
508 4040 557 4097 eo
584 4015 710 4096 tratru
735 4012 806 4122 qui
835 4006 1054 4094 Clementis
1079 4012 1190 4123 Papae
1210 4013 1249 4092 &
1278 4010 1470 4121 Martyris
1498 4020 1667 4125 patriam
1696 4012 1811 4100 exhi·

288 4127 389 4239 bet3
422 4151 465 4215 ut
495 4127 521 4212 sr
552 4132 592 4212 in
609 4129 813 4214 Laurentii
838 4118 962 4212 Missae
991 4129 1323 4229 Contellatione,
1356 4127 1408 4210 de
1431 4130 1571 4214 eodem
1599 4158 1812 4244 argumen-

288 4258 334 4328 to
358 4250 421 4355 agi
448 4241 682 4329 Blanchiuus
707 4242 924 4332 contendat
952 4301 967 4350 ,
1005 4273 1092 4331 eam
1118 4272 1276 4361 quoque
1307 4242 1650 4335 contestationem
1681 4245 1811 4331 suble-

292 4357 387 4444 slam
427 4358 513 4447 fore
543 4361 731 4449 credibile
759 4363 829 4449 fit.

414 4478 572 4580 Immo,
594 4478 619 4567 st
650 4510 733 4567 rem
767 4476 903 4595 paullo
929 4475 1160 4594 diligentiis
1177 4485 1398 4570 examinare
1421 4480 1602 4573 volumus
1618 4513 1726 4587 ,non
1752 4480 1812 4571 sa-

293 4596 346 4685 tis
374 4596 625 4709 exploratum
652 4604 755 4701 erit,
787 4595 978 4685 uollrisne
1004 4626 1052 4683 an
1070 4599 1545 4713 potiitsAdversariorum
1572 4600 1811 4689 fundamen·

292 4720 346 4801 tis
371 4715 618 4825 antiquitatis
642 4719 906 4832 praerogatiua
933 4714 1127 4805 debeatur
1152 4749 1168 4830 3
1196 4747 1283 4807 cum
1310 4722 1416 4807 enirn
1451 4769 1467 4820 ,
1494 4717 1591 4807 srcut
1618 4720 1811 4832 pridem,

1111 4840 1150 4928 X
1747 4837 1813 4922 di-

336 5012 402 5096 (α)
437 5018 516 5092 Vid.
539 5018 595 5091 ct.
615 5017 809 5092 Dominicus
830 5016 967 5108 Georgii
989 5027 1021 5090 ia
1126 5023 1198 5096 (b)
1229 5014 1386 5088 Mutatur.
1411 5022 1489 5107 ΒΨ.
1511 5023 1547 5087 de
1574 5020 1698 5104 liturg·
1721 5024 1810 5091 Rern·

292 5110 391 5192 Prerf·
413 5122 563 5186 naa-edit·
582 5120 697 5187 Adaair
709 5122 813 5187 Rruae
829 5135 926 5194 1745·
938 5137 968 5183 a·
981 5116 1022 5179 X·
1078 5118 1158 5201 Kar·
1178 5117 1337 5204 cap-111,
1357 5117 1413 5202 rol,
1435 5114 1522 5181 XXI·
1538 5106 1576 5185 θ
1591 5110 1708 5181 XXIX·
