4184 5904
1611 334 1678 449 51

166 545 265 628 riam
281 518 561 637 deprehendor
593 511 707 607 sacili:
728 515 946 633 persuaderi
970 510 1098 632 passus
1119 508 1203 597 sum
1222 516 1416 604 Actorum
1433 519 1684 633 scriptorem
1717 603 1719 609 .

166 682 252 745 „m
277 640 484 758 periodum
503 667 583 725 non
599 633 648 722 ad
663 642 783 722 artatis
798 664 943 723 annum
956 661 1039 747 quo
1059 631 1178 715 Irene
1201 629 1389 736 decessit,
1419 635 1487 721 sed
1512 668 1597 753 quo
1613 667 1686 752 per

167 763 410 884 uirginitatis
452 777 589 842 votum
618 750 780 841 Chriiio
808 750 847 839 se
873 751 1027 840 dicavit
1065 745 1283 861 retulisse3
1324 752 1430 863 quasa
1464 751 1685 868 fignificare
1816 791 1825 849 ’.

168 886 285 973 nubis
313 869 502 962 voluisset
534 866 721 959 Damasus
757 871 902 958 Ireuen
944 874 984 955 iu
1016 861 1101 982 ipso
1131 867 1305 955 iuventae
1342 865 1443 955 flore
1484 879 1686 986 virginem

169 1002 263 1087 Deo
287 986 549 1081 consecratam
581 985 721 1075 fuisse.
1804 984 1814 1005 ⁴

288 1102 396 1195 Sane
423 1137 513 1194 cum
542 1111 574 1191 is
600 1106 705 1192 locus
735 1106 1063 1224 Antiquarioruut
1098 1105 1206 1190 vitio
1245 1123 1492 1216 corruptus,
1519 1110 1559 1194 δε
1593 1108 1686 1198 sen-

168 1235 295 1326 tentia
319 1221 587 1337 impiexiisrma
607 1220 680 1310 srt:
699 1254 771 1313 cur
795 1229 991 1340 potiusde
1013 1221 1146 1307 Irenes
1174 1238 1330 1324 morte,
1356 1225 1474 1335 quaim
1501 1223 1689 1313 deamis-

43 1428 53 1441 ,
168 1354 213 1441 s0
242 1373 312 1462 per
339 1341 458 1455 ipsam
482 1357 581 1427 voto
606 1347 732 1455 accipi
758 1342 924 1442 debeat,
949 1336 1103 1454 prorsus
1129 1361 1211 1422 uon
1238 1334 1387 1437 video;
1417 1368 1506 1426 cunr
1541 1336 1688 1431 econ·

60 1534 63 1539 -
171 1471 298 1556 erario
328 1459 456 1546 muita
480 1484 553 1544 nos
579 1457 769 1546 inducant
797 1482 840 1548 vt
869 1486 959 1544 eum
989 1464 1032 1544 in
1048 1453 1265 1568 posteriore
1290 1442 1403 1538 sensu
1432 1459 1482 1542 ab
1496 1461 1686 1547 Adurunt

172 1587 382 1692 Scriptore
399 1572 625 1685 usurpatum
654 1594 862 1687 putemus.
896 1575 993 1692 Qu
1018 1574 1126 1660 enim
1154 1566 1218 1654 ille
1245 1575 1390 1680 padio,
1420 1569 1520 1659 fiad
1550 1578 1691 1666 imma·

169 1722 303 1790 turam
319 1697 453 1779 irenes
480 1711 646 1778 mortem
672 1689 873 1806 respexit,
902 1691 1152 1804 epitaphium
1188 1712 1272 1798 quo
1305 1690 1499 1775 Asturum
1533 1699 1686 1782 veritas

169 1807 410 1928 apertissime
432 1829 732 1922 oppugnaretur
747 1807 881 1910 ,illico
894 1808 981 1923 post
999 1814 1097 1892 Adia
1111 1799 1369 1890 subdidisset?
1384 1808 1577 1894 Praeterea
1592 1838 1683 1897 cum

170 1939 212 2019 in
237 1930 346 2014 Astis
376 1927 492 2012 Irene
516 1925 558 2010 in
591 1928 829 2038 virginitatis
858 1923 1060 2037 proposrto
1084 1946 1343 2032 permanens,
1376 1944 1496 2040 atque
1522 1930 1562 2010 in
1604 1928 1686 2014 dies

173 2043 381 2161 proficiens
415 2041 673 2141 inducatur,
713 2072 806 2129 cum
833 2036 1022 2129 Damasus
1061 2042 1315 2124 renuntiatus
1355 2031 1431 2127 suit
1459 2039 1685 2130 Pontifex:

176 2159 250 2273 qud
272 2165 426 2244 ratione
449 2159 662 2241 credidisse
675 2165 806 2266 potuit
834 2156 992 2242 illorum
1021 2155 1207 2267 Scriptor
1230 2182 1315 2240 eam
1341 2154 1520 2243 noudum
1552 2166 1690 2245 vicen·

98 2314 107 2343 ι
173 2305 292 2373 nem,
310 2301 417 2359 anuo
431 2270 691 2356 Pontificatais
707 2272 862 2360 Damasi
878 2274 978 2359 XII.
1000 2269 1111 2356 diem
1140 2268 1307 2372 obiisse,
1334 2271 1403 2359 nist
1418 2273 1525 2359 fimus
1550 2278 1689 2363 crede-

171 2411 237 2480 ret
263 2387 520 2477 antiannum
545 2395 731 2475 osiauum
758 2394 1005 2500 virginitatis
1029 2407 1166 2473 votum
1194 2385 1393 2489 emisisse,
1422 2391 1545 2502 eaique
1572 2412 1688 2478 aerate

171 2526 442 2614 nuncupatum
468 2504 534 2615 ipfi
559 2509 583 2592 ai
607 2498 728 2593 fratre
759 2503 933 2591 Damaso
957 2500 1135 2589 libellum
1162 2501 1215 2585 de
1244 2507 1387 2586 eodem
1417 2511 1686 2617 argumento?

172 2626 360 2722 Denique
381 2619 510 2698 versus
525 2620 815 2720 epigrammatis
838 2614 967 2714 alter,
984 2619 1024 2695 iu
1042 2642 1123 2725 quo
1135 2611 1322 2698 Damasus
1338 2617 1491 2735 dolnt'ffl’
1508 2622 1547 2704 in
1565 2631 1691 2710 Soro-

173 2739 228 2815 ris
251 2729 363 2811 obitu
378 2723 575 2839 fitetur,
597 2725 785 2837 cerasorria
802 2729 973 2838 perdere
1001 2735 1123 2828 nite,
1152 2724 1241 2812 satis
1270 2728 1416 2819 indicat
1448 2736 1496 2822 ed
1523 2742 1687 2828 demum

172 2864 285 2928 aetate
303 2845 444 2922 irenen
469 2834 643 2932 obiisse,
672 2841 751 2948 qud
778 2838 1053 2947 pradesunc‘iis
1072 2841 1273 2950 variusque
1301 2852 1529 2952 parentibus
1566 2886 1688 2955 vuum

172 2951 344 3041 Damaso
371 2952 583 3065 repositum
607 2971 691 3034 erat
715 2953 759 3034 in
793 2950 913 3064 ipsrus
940 2950 1241 3045 conversatione
1270 2955 1482 3067 solatium,
1512 2974 1553 3055 id
1576 2978 1689 3085 quod

173 3093 349 3182 utroque
374 3074 415 3150 in
446 3064 595 3153 senium
624 3066 839 3153 inclinante
869 3067 1079 3185 contigisse
1110 3069 1369 3162 verosimilius
1396 3081 1478 3166 est·
1511 3093 1597 3175 Nos
1627 3110 1691 3176 ta-

175 3215 298 3290 men,
322 3187 619 3297 Epigrammate
635 3173 705 3300 (a)
719 3204 838 3298 prout
854 3184 895 3272 in
922 3187 1027 3274 calce
1043 3189 1236 3277 Actorum
1250 3193 1460 3284 exhibetur
1476 3197 1690 3321 descripto,

440 3392 444 3399 ,
954 3307 994 3389 G
1028 3330 1053 3389 2
1625 3330 1692 3411 in.

223 3452 285 3543 (a)
306 3453 374 3540 Ap·
393 3453 451 3528 PP·
475 3450 623 3525 Bullaud.
645 3461 732 3528 XXI·
753 3465 846 3532 Febr·
875 3467 955 3532 Tana·
976 3466 1033 3531 III·
1056 3463 1133 3549 Peg.
1161 3469 1238 3547 24d.

547 3559 620 3622 Hac
643 3549 900 3631 ranalasacrara
923 3558 990 3622 Dea
1009 3577 1085 3624 nanc
1105 3560 1233 3624 menbra
1256 3561 1436 3644 quiescant.

543 3649 611 3711 Hac
623 3645 713 3726 sorar
732 3647 770 3727 est
791 3648 917 3732 Darnass
927 3667 936 3711 ε
962 3660 1062 3714 namen
1079 3649 1109 3732 fi
1124 3654 1265 3733 queris,
1289 3653 1396 3717 Irene.

539 3739 677 3804 Venerat
699 3733 761 3798 baec'
773 3735 841 3819 sese
867 3734 1024 3802 cunum
1045 3759 1108 3805 earn
1129 3743 1194 3804 aira
1216 3758 1374 3825 maneret.

535 3828 676 3908 Virginis
695 3840 729 3888 ar
751 3831 887 3893 marianna
908 3831 1022 3908 firniias
1036 3832 1139 3913 pudor
1158 3829 1404 3914 ipseprabaret,

533 3908 589 3975 Bis
611 3909 702 3974 denas
722 3908 837 3977 hiemes
858 3916 1006 4002 necdum
1028 3916 1235 3999 compleverat
1256 3936 1350 4002 aetas,

533 4006 680 4085 Egregios
708 4023 798 4069 rnares
812 4011 887 4071 virae
900 4009 1090 4092 praecefflrar
1113 4025 1213 4088 erar,

531 4092 716 4177 Propassrnrra
733 4101 834 4161 arentis
850 4102 949 4179 pietas
970 4103 1137 4163 veneranda
1152 4099 1290 4181 puella}

167 4238 170 4245 .
535 4184 712 4272 Magnificus
723 4183 839 4266 srafias
863 4190 986 4256 dederat
1003 4191 1169 4255 inclinibus
1192 4194 1296 4255 annia·

177 4272 308 4356 Farfirn:
327 4267 405 4338 Hac
533 4265 584 4337 'l‘e
597 4294 741 4359 germana
755 4276 981 4359 ferar,.rral1ri
1003 4300 1078 4344 nanc
1096 4283 1172 4363 restis
1194 4285 1302 4347 auraria

537 4369 611 4432 Cara
621 4365 749 4448 fingeret
771 4373 908 4434 manaan
932 4372 1055 4436 dederat
1077 4373 1149 4436 mihi
1164 4371 1463 4458 pignns'banrstans

175 4454 368 4522 sarazanius:
384 4453 495 4538 Qum
541 4456 650 4542 Quem
668 4458 725 4543 fibi
747 4478 812 4523 carn
831 4475 951 4545 raperer
971 4464 1075 4528 raeliur
1096 4479 1167 4527 tana
1186 4467 1273 4547 regia
1297 4467 1361 4530 carli
1371 4509 1385 4545 ,

174 4545 326 4614 Saraean.
347 4545 454 4609 tumuit
534 4550 611 4611 Nan
625 4541 716 4610 timui
737 4566 857 4616 marren
879 4556 971 4617 Calas
989 4552 1071 4635 qnod
1095 4554 1191 4618 libera
1214 4556 1334 4622 adiret·

534 4638 594 4705 Sed
613 4632 699 4699 dolui
720 4635 818 4703 sarcur
837 4636 986 4705 consortia
1009 4638 1139 4722 perdere
1161 4639 1251 4708 vita:

531 4726 629 4795 Nunc
650 4733 785 4797 ueniente
810 4733 877 4798 Deo
896 4738 985 4816 nostri
1007 4736 1190 4815 rerainifcrrr
1208 4740 1295 4819 virgo

171 4817 323 4885 ⁴laraean·
349 4815 395 4882 Vt
531 4810 576 4881 Er
593 4836 648 4887 tna
665 4836 724 4905 per
746 4822 903 4889 Dominam
916 4828 1043 4913 praester
1065 4827 1137 4890 arisai
1153 4825 1263 4906 fercula
1285 4829 1408 4895 lanea,

244 4904 277 4968 si
298 4899 425 4972 Demasr
450 4921 583 4974 mentem
614 4906 752 4976 divinare
778 4906 905 4994 liceat,
962 4915 1049 5000 gulas
1073 4910 1103 4975 in
1127 4911 1185 4978 hoc
1205 4912 1435 5001 Epigrammare
1456 4918 1600 5003 periodos
1628 4919 1685 4992 asi·

176 4990 382 5086 existimarem
405 4994 484 5070 binis
497 4997 675 5096 quibusque
698 4994 907 5097 peribussu·
964 4999 1065 5101 ibipi,
1090 5018 1125 5074 rt
1142 5003 1243 5078 seusus
1264 5011 1377 5101 prioris
1395 5011 1515 5100 periodi
1534 5011 1594 5086 sat:
1617 5022 1685 5086 Hie

1637 5128 1690 5179 rr·
1767 5138 1770 5143 ·
