4184 5904
405 498 637 620 causamque
665 532 741 620 pro
754 503 948 595 Romanis
975 499 1155 605 didam,
1182 510 1303 613 atque
1330 494 1470 610 apertu
1498 499 1628 585 Sancti
1654 500 1801 589 Leonis
1820 501 1915 587 Ma·

405 627 477 735 gni
502 623 731 712 testimonio
757 624 1060 712 demonstratam
1100 614 1266 704 asserere
1299 617 1399 702 nibil
1427 615 1588 704 dubitet
1618 617 1706 732 (a)
1736 643 1752 722 3
1777 625 1912 731 quiin

409 742 528 825 ctiam
555 747 822 828 comesturam
848 742 901 829 de
928 739 998 825 suo
1034 734 1208 836 adiicit,
1240 758 1290 818 ex
1316 760 1425 843 qua,
1456 732 1483 816 sr
1508 734 1601 819 Deo
1631 733 1759 845 placet
1785 784 1801 833 ,
1825 734 1916 821 evi-

407 852 554 941 denter
584 858 841 970 consequitur
870 856 941 969 (b)
972 854 1228 937 Laurentium
1260 877 1341 936 non
1367 845 1472 938 secus
1502 875 1547 936 ac
1572 849 1711 960 Scipio
1739 864 1808 937 aot
1836 851 1918 934 la:-

406 964 483 1058 lius
514 977 620 1060 inter
647 971 852 1062 Romanos
879 975 1001 1057 Ciues
1032 964 1338 1055 recensendum.
1371 970 1468 1052 Eius
1496 966 1711 1082 drapaasiai
1738 960 1921 1065 causam,

409 1090 502 1199 quia
529 1118 598 1176 nos
623 1092 719 1177 alibi
740 1091 792 1178 de
809 1082 981 1177 Dama-so
1002 1082 1211 1201 loquentes
1226 1082 1485 1175 indicarimus
1509 1087 1605 1213 (a),
1625 1084 1809 1177 hocloco
1825 1076 1923 1191 mis7
1940 1154 1943 1159 .

407 1203 489 1295 sam
514 1200 644 1296 sarcre
676 1205 854 1319 placuit.

540 1323 780 1412 Clarissimus
816 1342 1004 1437 praterea
1045 1319 1247 1410 Romanus
1285 1324 1419 1439 Eques
1460 1325 1684 1415 Franciscus
1715 1317 1941 1409 vinarius.

409 1439 437 1552 (
451 1436 557 1554 quod
584 1441 683 1527 mihi
712 1439 891 1529 absoluti
917 1441 989 1528 hac
1013 1435 1291 1528 lucubratione
1319 1468 1367 1527 ex
1394 1436 1569 1533 fortuito
1597 1474 1687 1533 cum
1709 1436 1794 1553 ipso
1811 1429 1922 1544 apud

412 1556 671 1645 Blanchinum
711 1557 916 1671 colloquio
941 1548 1046 1642 nblle
1074 1561 1282 1677 contigit)
1313 1587 1402 1646 cum
1435 1589 1506 1676 per
1537 1591 1581 1651 ea
1613 1581 1792 1672 tempora
1821 1547 1921 1667 Dif-

344 1690 350 1699 '
399 1676 657 1796 strtatianem
674 1674 951 1792 philologieanr
976 1668 1159 1761 edidisset
1185 1677 1311 1789 (d),
1339 1682 1475 1795 inqua
1500 1677 1690 1765 nonnulla
1713 1670 1821 1759 sacra
1840 1668 1923 1751 Au-

414 1794 616 1906 tiquitatis
642 1810 904 1881 monumenta
927 1789 977 1882 ad
1000 1788 1257 1879 Laurentium
1283 1790 1693 1910 nostrum'spertamia
1720 1817 1804 1875 non
1834 1782 1923 1871 uul-

413 1913 563 2022 gariter
588 1907 865 2018 illustrantur,
891 1908 946 1998 de
965 1909 1141 2024 postuma
1160 1908 1397 1998 Santiissimi
1422 1914 1615 2025 Martyris
1634 1919 1673 1999 in
1691 1911 1807 1996 terris
1832 1901 1924 2012 glo-

414 2024 515 2124 riai,
544 2024 679 2141 deque
705 2028 820 2116 sacris
858 2027 1005 2115 adibus
1040 2025 1160 2139 ipfius
1186 2029 1342 2116 nomini
1369 2034 1410 2115 in
1438 2033 1549 2117 Vrbe
1575 2028 1774 2139 inscriptis
1799 2009 1921 2103 dille·

396 2141 532 2228 >rendi
561 2144 801 2233 occafiouem
831 2151 962 2234 nasius
990 2172 1002 2231 ε
1034 2171 1164 2259 neque
1186 2142 1449 2260 temporalem
1476 2146 1652 2236 eiusdem
1683 2143 1851 2254 patriam
1877 2129 1926 2215 s1·

413 2255 541 2344 lentio
559 2264 870 2371 praetereundam
894 2259 1033 2348 duxit.
1064 2263 1185 2378 Quasi
1211 2267 1309 2350 verb
1333 2295 1413 2352 non
1441 2262 1634 2352 sufficeret
1657 2288 1742 2349 eam
1757 2258 1925 2342 omnino

414 2375 585 2461 Romam
605 2369 796 2478 asserere,
814 2379 933 2490 idque
949 2395 1140 2490 procerte
1163 2379 1380 2466 habendum
1407 2382 1474 2494 (e)
1503 2383 1791 2493 pronuntiare,
1819 2380 1928 2454 taxat

417 2490 583 2577 subinde
610 2498 813 2581 contrariae
831 2488 1172 2605 receptissimaeque
1200 2489 1402 2580 sententia
1430 2516 1649 2608 patronos,
1682 2512 1800 2604 atque
1825 2482 1928 2569 adeo

415 2607 645 2720 Hispanos,
676 2608 784 2725 qobd
810 2639 891 2700 nou
915 2609 1005 2694 iure
1032 2607 1297 2695 Laurentium
1318 2612 1551 2724 popularem
1582 2610 1693 2699 suum
1720 2605 1927 2692 dixerint·

418 2726 541 2849 Qua
569 2737 707 2830 enim,
737 2733 899 2843 inquit,
927 2725 1014 2842 (f)
1043 2726 1212 2828 amabe,
1243 2734 1350 2817 ratio
1359 2727 1573 2847 fieadeat,
1603 2750 1780 2816 exterum
1804 2722 1931 2808 horni-
2050 2768 2054 2775 -

417 2868 503 2930 nem
530 2873 726 2932 marrona
757 2866 1018 2937 ursanuvna,
1050 2870 1108 2919 vr
1136 2865 1355 2920 uouuvum
1383 2862 1606 2921 rauranum
1630 2861 1927 2930 exrsrrunur,

418 2964 654 3069 eundemque
678 2966 883 3051 iuuenem,
894 2951 1040 3068 statim
1060 2957 1161 3038 acin
1186 2947 1323 3033 Vrbem
1339 2954 1576 3052 advenerit,
1606 2978 1728 3039 anum,
1749 2953 1771 3035 i
1792 2952 1931 3063 plari-

416 3075 491 3164 bus
510 3072 668 3163 etesium
682 3070 829 3191 faiffl‘,
845 3073 919 3185 qni
939 3064 1116 3177 Pontifici
1142 3061 1375 3181 Saniiiffirna
1403 3065 1578 3180 (Siarum
1609 3066 1824 3183 intelligit)
1852 3073 1934 3153 rni-

420 3198 464 3281 ni
492 3214 604 3297 earet
629 3245 645 3294 ‚
673 3199 821 3306 quique
848 3192 1025 3277 Romane
1054 3181 1222 3298 Ecclestae
1249 3185 1444 3272 Diaconos
1467 3184 1765 3301 designaretur,
1793 3213 1838 3272 aa
1863 3213 1931 3272 re·

417 3313 710 3400 nuntiaretur?
741 3314 806 3395 An
822 3305 970 3394 bamini
981 3302 1101 3415 plani
1122 3326 1214 3388 nane
1237 3300 1283 3387 ld
1295 3305 1467 3389 muneris
1493 3303 1832 3394 committeretur?
1864 3305 1934 3385 An

422 3431 496 3541 qui
534 3434 724 3516 uenirent
744 3433 790 3513 in
825 3423 923 3514 Vrbe
949 3417 1217 3537 agnosceret,
1246 3437 1405 3510 curatur
1420 3437 1642 3538 pauperum
1671 3420 1727 3521 ὁ*
1754 3419 1935 3538 aheſsruri
1982 3474 1986 3484 ·

423 3542 590 3667 tetreſse
618 3545 733 3664 castae
758 3532 1081 3659 carrstitnereturi
1118 3530 1128 3545 ⁸

493 3752 497 3757 ¹
543 3664 685 3774 Pergit
717 3685 840 3774 porro
871 3656 1075 3739 Vitiorius
1102 3648 1238 3734 iisdem
1268 3650 1357 3760 ip'fis
1389 3664 1627 3764 argumentis
1659 3652 1933 3772 quapridem

427 3777 663 3867 blanchinus
690 3773 909 3860 adduxerat
935 3790 1082 3850 novam
1110 3766 1161 3850 de
1194 3763 1400 3854 Laurentii
1433 3776 1559 3880 patria
1595 3781 1830 3886 opinionem
1863 3792 1934 3857 tu·

427 3901 537 3994 tari3
568 3892 707 4015 quibus
725 3894 764 3975 δι
782 3879 862 4012 ipse
883 3910 936 3972 ex
952 3875 1153 3999 Hispania¹
1180 3883 1314 3974 nollra
1330 3881 1532 3990 laudibus,
1553 3920 1646 4006 quas
1674 3897 1713 3977 in
1728 3889 1811 3978 aliis
1833 3893 1937 3973 Pru-

1837 4006 1937 4092 den-

470 4188 531 4273 (a)
554 4196 643 4261 Hane
658 4194 843 4280 sarrifflrnnnr
866 4191 1037 4271 Mareprern
1052 4179 1157 4279 (Lau.
1213 4176 1354 4265 (lesere)
1382 4185 1496 4249 arinini
1515 4185 1765 4275 disiungtndun·
1790 4176 1936 4248 Merend.

428 4293 613 4357 auur-ama)
637 4292 777 4353 Rarrranir
811 4282 965 4358 ciniires,
991 4279 1076 4364 secret
1104 4294 1154 4345 at·
1211 4277 1428 4359 stramoniae
1450 4278 1602 4358 allegata.

427 4393 486 4460 pue
510 4377 644 4447 bedenas
674 4377 815 4440 creditum
831 4372 940 4456 fruetur
960 4374 1174 4436 adnumerare-¹
1225 4452 1228 4457 Ι
1255 4359 1310 4449 (c)
1334 4368 1439 4435 Priare
1453 4364 1573 4449 scilieet
1596 4372 1682 4438 hrains
1702 4373 1805 4459 Operis
1815 4381 1937 4454 parto

427 4464 494 4529 dura
512 4466 715 4550 demonstrauit
727 4465 783 4548 Ias.
803 4463 979 4529 blanchinus
995 4464 1058 4529 Vrr
1069 4463 1155 4529 Clae·
1211 4470 1276 4539 cap.
1304 4479 1331 4520 r.
1340 4472 1418 4541 pag.
1436 4480 1466 4531 9·

427 4571 530 4640 aperta
550 4559 644 4625 Lerni
658 4557 940 4639 niagnireltirnunia
962 4546 1153 4617 Merenda„
1257 4542 1320 4624 (ai)
1347 4545 1467 4612 Prodiit
1495 4571 1532 4615 ca
1552 4543 1660 4616 Romae
1681 4551 1777 4617 Anno
1802 4567 1935 4617 nocem.

427 4648 536 4731 Opust.
556 4643 594 4716 su
608 4651 694 4732 Gesta
708 4649 831 4731 Darnass
851 4643 876 4704 i.
896 4660 950 4704 ιιι.
964 4643 1014 4709 Be
1032 4643 1156 4728 aunan
1210 4624 1278 4721 Ap·
1300 4635 1417 4705 Fratres
1431 4639 1625 4707 paleatinus.

428 4740 572 4821 suparibus
580 4757 655 4826 pag.
675 4749 746 4817 146.
770 4740 825 4803 cal·
856 4755 885 4800 ι.
1253 4723 1309 4808 (e)
1334 4734 1382 4796 lie
1395 4736 1490 4799 eaden
1510 4726 1724 4818 (Laurentio)
1740 4738 1791 4804 hac
1800 4750 1857 4822 pro
1873 4753 1937 4798 aar.

472 4822 531 4909 (b)
555 4834 604 4894 Εκ
619 4850 678 4916 aaa
701 4820 935 4898 (cunieiiuram
950 4818 1093 4910 iutelligit
1111 4841 1151 4889 ex
1209 4841 1241 4893 tu
1263 4825 1449 4901 babendum,
1472 4828 1573 4889 natale
1589 4828 1822 4910 salu-rnRanan
1840 4825 1934 4909 ipsine

428 4914 588 4983 Prudentis
606 4919 728 5005 hymno
755 4913 914 4997 elicitam)
937 4919 1016 4983 iilud
1034 4919 1151 4983 euiden-
1210 4915 1340 4999 haburffe
1364 4955 1374 4977 .
1408 4909 1575 4981 Vic'lorius
1601 4913 1762 4985 Dissertat.
1781 4912 1934 4998 Philolog-

428 5025 476 5075 ter
494 5017 683 5095 censiquitnr
711 5013 904 5077 Laurentium
932 5010 950 5071 a·
979 5010 1070 5073 elaris
1092 5011 1151 5073 itta
1211 5011 1289 5090 Pag·
1306 5029 1361 5078 91·

427 5103 571 5179 Rurruunae
591 5107 684 5171 Vrbis
696 5105 769 5189 filiis
794 5094 923 5181 (Cosso,
944 5094 1082 5167 Camillo
1093 5097 1153 5176 ,δι
1255 5106 1268 5164 t
1273 5096 1317 5183 f)
1341 5093 1448 5163 Paullo
1462 5093 1588 5166 inferiis
1609 5094 1678 5166 eda.
1695 5110 1774 5184 pag.
