4184 5904
31 617 34 623 ,
155 533 307 613 ceteris
332 522 552 626 Galliarum
579 517 783 638 Episcopis
803 523 844 608 in
865 548 983 612 ynam
999 517 1256 607 Nationalem
1272 511 1481 631 Synodum
1507 524 1680 631 coirent3

157 641 266 730 Festa
297 646 393 733 verb
419 645 632 754 unicuique
648 638 819 724 Dioecesi
844 641 1052 755 peculiaria
1080 632 1195 722 suisse
1222 633 1468 726 manifestum
1493 633 1581 739 eli,
1611 664 1681 722 cn·

156 788 247 849 runi
290 767 397 850 enini
442 756 598 870 singula:
641 757 859 847 Provincia
892 763 1126 844 Sanstorum
1160 752 1429 843 solemnitates
1458 804 1473 851 ,
1501 749 1679 867 (practer

157 875 308 965 Chrisli
330 932 346 976 ,
377 875 599 963 Beatisfimae
615 874 794 987 Virginis
813 926 830 975 ,
849 879 892 958 lic
910 870 1195 986 Apostolorum
1222 900 1309 987 quat
1337 879 1517 958 oninium
1546 863 1683 956 Eccle-

157 993 304 1082 fiatum
347 1018 578 1079 communes
605 994 752 1110 erant)
782 999 823 1079 in
851 1018 987 1077 earum
1009 985 1261 1075 calendariis
1299 989 1543 1078 exhibebant
1580 985 1683 1074 cele-

164 1111 451 1224 brabantque:
490 1134 656 1218 quorum
687 1108 849 1220 infignis
878 1109 934 1194 rei
963 1133 1036 1223 per
1063 1107 1219 1193 cosdem
1244 1113 1286 1194 in
1325 1105 1373 1188 iis
1399 1102 1581 1191 Ecclesiis
1611 1130 1687 1215 ge·

158 1229 221 1312 slae
241 1221 516 1340 ,susceptique
536 1221 817 1340 Episcopati'is,
845 1220 1188 1338 pradicationisue
1202 1279 1218 1326 ,
1234 1237 1303 1310 aut
1327 1219 1508 1335 passionis
1537 1249 1685 1309 inemo·

160 1343 220 1427 ria
246 1363 432 1445 extaret3
461 1335 672 1455 pracsertim
697 1340 993 1457 vero‘quorum
1022 1336 1136 1425 sacrae
1159 1342 1313 1429 exuviae
1336 1343 1382 1424 in
1409 1334 1497 1452 ipsis
1523 1343 1685 1451 requie·

167 1458 318 1548 sterent
344 1465 496 1545 Asiane
527 1466 706 1567 martyrii
735 1488 873 1547 eorum
898 1459 1161 1544 haberentur.

278 1575 328 1659 Id
359 1604 427 1661 nos
458 1574 651 1687 quidem,
680 1573 748 1660 nisi
776 1604 836 1663 res
859 1572 1044 1686 expedita
1071 1561 1199 1672 esset,
1227 1567 1442 1686 multiplici
1470 1600 1520 1659 ex
1552 1574 1684 1660 Vete-

162 1693 277 1782 ribus
303 1688 558 1776 Eccleslarutu
583 1693 774 1805 Liturgiis
803 1691 961 1805 prolato
992 1686 1174 1804 exemplo
1207 1688 1478 1777 demonstrare
1507 1685 1683 1781 facile..

157 1803 387 1927 possemus.
419 1808 484 1893 De
525 1817 674 1895 exuviis
706 1830 839 1895 autem
865 1830 984 1921 atque
1009 1808 1118 1890 Astis
1138 1806 1368 1911 Martyrum
1405 1803 1473 1890 Cl.
1500 1803 1686 1891 Ruinar·

161 1935 263 2015 tium
288 1954 336 2024 ex
366 1923 580 2009 abundanti
612 1928 682 2045 (a)
712 1924 882 2037 pradem
907 1926 1100 2021 sistimur,
1131 1924 1256 2006 immo
1271 1919 1534 2013 Blancliinum
1567 1922 1683 2008 nobis

157 2071 207 2130 ex
235 2059 349 2152 parte
381 2036 691 2130 'consentientem
721 2047 908 2131 habemus
936 2040 1067 2156 (b).
1098 2040 1177 2122 Hic
1206 2042 1314 2124 enini
1342 2040 1497 2124 Auslor
1531 2034 1583 2123 de
1616 2041 1687 2125 Sa·

159 2163 238 2246 cris
256 2154 464 2242 Beatissimi
480 2160 791 2272 Protomastyris
808 2158 994 2270 Stephani
1022 2159 1203 2252 exuviis,
1226 2181 1322 2271 quas
1351 2151 1513 2266 inhgnis
1532 2155 1683 2240 nostras

158 2272 306 2359 Paulus
334 2271 500 2357 Orosius
535 2275 605 2360 sub
633 2272 758 2364 saculi
785 2282 837 2362 V.
863 2275 1020 2360 initium
1048 2300 1098 2359 eir
1122 2265 1259 2358 Africa
1283 2277 1329 2357 in
1350 2272 1581 2384 Hispaniam
1611 2269 1689 2356 de'-

159 2387 250 2477 tulit
280 2387 376 2591 (q),
404 2387 595 2502 loquens:
629 2396 729 2479 hanc
752 2391 903 2476 causam
926 2385 1072 2476 subesse
1098 2403 1238 2499 putat,
1266 2413 1338 2472 cur
1357 2415 1406 2474 ex
1423 2416 1476 2474 eo
1499 2405 1684 2501 tempore

160 2509 295 2591 Sentii
327 2510 394 2589 imi
421 2507 733 2616 Protomartyris
758 2505 931 2595 officium
960 2531 1001 2590 in
1033 2500 1222 2617 Hispania
1251 2501 1365 2603 fieret
1397 2537 1412 2617 3
1443 2505 1593 2592 addere
1621 2513 1686 2592 in·

159 2617 278 2734 super
305 2617 492 2733 potuisset
520 2673 537 2721 ,
580 2646 623 2709 vt
647 2620 889 2709 sollemniori
915 2623 995 2709 ritu
1022 2619 1213 2733 Stephani
1244 2618 1377 2709 natale
1402 2623 1509 2734 apud
1542 2621 1687 2735 Hispa-

161 2764 233 2823 nos
263 2792 278 2839 ,
310 2763 389 2849 pra:
413 2734 500 2822 aliis
538 2737 750 2852 infignium
778 2739 1085 2827 domesticorum
1111 2739 1340 2851 Martyrum
1374 2736 1477 2827 fellis
1505 2735 1685 2830 celebra·

156 2872 294 2941 retur.
326 2850 410 2933 Sed
439 2851 489 2934 de
518 2855 578 2935 his
608 2855 768 2938 fortassis
797 2856 941 2939 alias..
1306 2946 1310 2953 ,

272 2969 390 3050 Nunc
406 2985 566 3065 autem,
596 2984 639 3052 vt
665 2964 785 3081 scopo
808 2973 1012 3080 propiores
1032 2964 1194 3072 fiamus,
1225 2969 1447 3063 videndum
1466 2976 1579 3063 nobis
1610 2973 1682 3078 est,

160 3111 253 3170 nuni
283 3088 445 3169 ineunte
476 3081 616 3168 sacculo
635 3083 730 3168 Vll.
758 3105 825 3169 aut
852 3111 932 3169 non
955 3084 1076 3198 longe
1098 3088 1148 3172 ab
1176 3095 1223 3174 iis
1250 3092 1497 3205 temporibus
1524 3092 1685 3186 fuissent
1821 3083 1829 3098 ’

163 3200 304 3291 alicubi
337 3196 439 3309 apud
471 3195 665 3311 Hispanos
697 3199 868 3313 reliquia
896 3199 1125 3287 Sansliffimi
1157 3204 1306 3291 Levita
1329 3212 1565 3299 Laurentii?
1595 3210 1686 3298 Bol-

160 3315 334 3403 landiani
364 3317 525 3414 Patres,
553 3318 623 3428 qui
652 3313 702 3401 de
730 3345 778 3402 eo
807 3339 1042 3427 argumento
1060 3346 1109 3403 ex
1136 3316 1308 3432 professo
1337 3323 1490 3434 egere,
1520 3356 1686 3415 enume-

160 3435 256 3520 ratis
279 3429 448 3517 Vrbibus
480 3456 550 3540 per
578 3433 868 3532 Germaniam,
908 3433 1120 3546 belgium,
1147 3431 1354 3541 Galliam,
1385 3465 1501 3555 atque
1532 3453 1683 3532 Orien·

160 3567 244 3635 tem
276 3574 363 3658 qua
407 3540 510 3631 sacra
538 3547 615 3632 hac
641 3552 809 3663 pignora
841 3548 1083 3661 possidebant
1110 3557 1247 3670 (d),
1288 3557 1413 3643 altum
1456 3559 1507 3642 de
1540 3558 1713 3671 Hispa-.

163 3665 229 3749 nia
268 3663 395 3747 noslra
424 3659 537 3749 silent
562 3685 578 3766 3
606 3671 673 3751 cui
709 3667 881 3781 proinde
909 3663 1102 3783 usquead
1133 3668 1306 3788 Philippi
1337 3674 1391 3759 11.
1426 3677 1548 3789 Regis
1578 3697 1683 3765 tem·
1831 3743 1836 3749 .

165 3807 293 3909 pora,
330 3788 632 3896 extrudumque
657 3779 706 3867 ab
744 3786 832 3897 ipso
864 3813 908 3872 ac
944 3787 1122 3877 dicatum
1165 3791 1406 3883 sanctissimo
1431 3796 1580 3883 Levitae
1618 3801 1684 3881 in-

163 3903 270 4007 signe
294 3897 534 3984 Scoiialense
559 3898 811 3983 Coenobium
840 3951 857 3998 ,
887 3930 966 3985 non
989 3906 1101 3993 licuit
1133 3908 1210 3996 esse
1238 3931 1318 4000 tam
1348 3913 1467 4001 beata
1484 3964 1508 3998 .-
1528 3916 1589 4002 De
1621 3913 1681 3997 his

163 4031 290 4098 autem
316 4005 459 4099 sacculis
485 4040 566 4128 quit
592 4013 801 4100 Laurentii
830 4035 997 4101 mortem
1021 4020 1266 4135 consequuta
1290 4031 1381 4111 sunt
1410 4032 1681 4120 Prudentium

163 4128 403 4241 locupletem
432 4134 568 4219 teslcm
597 4129 858 4231 adducimus,
885 4135 957 4244 qui
981 4132 1186 4251 poslquam
1214 4139 1356 4252 inclyti
1375 4145 1564 4258 Martyris
1597 4147 1685 4258 pas-

165 4242 312 4334 sionem
341 4243 623 4356 elegantissime
646 4243 924 4365 descripserat,
946 4248 1109 4366 sepulcri
1137 4255 1293 4346 laudeni
1310 4261 1380 4374 pie
1398 4262 1591 4352 Romanis
1619 4271 1686 4348 in·

1622 4381 1683 4468 vi-

206 4633 277 4732 [a]
296 4637 422 4711 Prasii.
448 4636 480 4708 in
503 4639 591 4712 Asia
611 4639 748 4736 Martyr.
779 4643 896 4721 linceis
952 4644 1073 4720 cleliam
1104 4653 1167 4745 qud
1190 4653 1278 4727 inissa
1300 4654 1418 4728 fuerant
1452 4654 1679 4747 pervenerint,

162 4749 192 4798 tt·
222 4742 274 4798 ιθ.
423 4799 424 4803 ,
954 4741 1155 4815 subdubitare
1178 4750 1297 4818 videtur
1321 4753 1504 4822 Chnostras
1521 4753 1596 4822 Nic.
1611 4754 1684 4818 Aii-

208 4827 280 4924 Ι[ὂ]
306 4823 425 4927 linnot.
455 4824 534 4894 XII.
555 4824 587 4894 in
607 4826 787 4900 Orationes.
812 4832 893 4901 anti·
956 4836 1057 4903 tonius
1076 4846 1147 4908 tib.
1160 4846 1217 4912 ΙΙΙ.
1231 4849 1313 4914 Bibl·
1326 4848 1419 4933 Hifp·
1444 4850 1682 4932 eetcrtscapds·

160 4911 253 4998 quisi.
276 4911 366 4983 Ritus
382 4914 486 4985 Goth.
509 4918 564 4986 snb
583 4913 639 4986 fin.
664 4927 741 5008 Pag-
754 4929 898 4994 CXLIX·
955 4948 1131 5018 itu-pag.
1147 4942 1223 5007 187.

178 5006 272 5104 ·[c]
298 5010 351 5110 hit
385 5006 472 5112 sacrae
495 5009 666 5112 Beatissimi
686 5014 896 5118 Ptutqmarty·
1000 5013 1048 5110 [d]
1071 5023 1125 5092 Ad
1142 5023 1225 5094 ditm
1242 5025 1286 5094 X·
1297 5024 1386 5117 Aug·
1396 5040 1426 5111 §0
1439 5022 1551 5102 Its&
1557 5034 1585 5104 s·
1602 5032 1642 5105 V
1638 5033 1683 5098 ll.

161 5111 203 5159 ris
224 5117 344 5166 exuriz
368 5099 539 5190 aliquando
558 5123 591 5171 in
602 5101 816 5175 bracarensem
828 5104 894 5177 Ec·
953 5134 984 5183 ii·
1000 5131 1051 5194 σς.
