4184 5904
448 298 523 421 26

442 542 537 607 rum
577 508 777 604 interesset
821 512 1044 628 Hispanum
1084 515 1219 631 potius
1263 510 1474 602 Damasum
1505 505 1613 598 suisse
1654 510 1772 625 quim
1802 504 1966 615 Roma·¹

444 664 540 724 num
569 632 631 717 vel
656 631 777 721 aliubi
805 656 975 734 natum,
1004 653 1050 719 vt
1077 662 1170 720 eum
1195 654 1435 750 propterea,
1465 624 1570 715 secus
1597 654 1727 714 acres
1757 628 1966 732 habebat,

443 778 521 867 pro
547 748 731 860 Hispano
760 746 1028 838 obtruderent
1060 804 1076 851 ,
1115 749 1407 864 secundumque
1439 744 1965 855 Pontificumcataloguma

441 888 565 981 atque
595 864 835 952 Anastafiunr
865 863 915 951 de
944 866 1038 956 veri
1069 868 1223 954 Damasr
1254 866 1381 984 patriai
1407 865 1615 981 loquentes
1645 860 1842 975 flagitiose
1869 888 1965 948 cor-

442 1004 677 1096 rumperent
701 1008 771 1069 aut
794 985 1197 1096 interpolarentiAn
1222 984 1486 1097 erispanum
1504 978 1710 1067 Damasum
1734 970 1965 1065 ostendisset

442 1098 643 1189 Vrsrcinus
673 1101 905 1214 probrosum
932 1107 969 1187 ei
1005 1132 1151 1194 nomen
1178 1124 1244 1194 aut
1272 1098 1543 1191 inclementius
1574 1097 1724 1185 dietum
1743 1088 1964 1197 obiecisset,

441 1246 526 1333 quo
562 1213 706 1303 scilicet
738 1216 805 1303 libi
839 1210 1016 1308 favorem
1046 1273 1061 1322 ,
1090 1221 1259 1310 Damaso
1290 1220 1389 1311 vero
1420 1219 1531 1308 Cleri
1561 1218 1600 1299 &
1625 1210 1768 1327 Populi
1789 1210 1963 1297 Romani

442 1332 630 1422 conflaret
659 1332 885 1421 invidiam?
917 1335 1111 1426 Nondum
1139 1340 1189 1428 ei>
1215 1358 1284 1426 aut
1308 1337 1388 1449 spei
1420 1357 1487 1425 aut
1515 1338 1669 1421 timoris
1697 1326 1858 1429 tandem
1884 1356 1962 1440 pa·

442 1456 530 1537 tria
554 1456 814 1552 communio,
845 1453 1063 1542 Potentum
1081 1456 1297 1558 clientela,
1314 1454 1440 1542 studia
1464 1450 1640 1565 denique
1666 1452 1835 1561 partium
1859 1468 1963 1558 pto·

441 1559 658 1670 cesserant3
691 1587 737 1655 vt
765 1569 938 1682 proinde
963 1574 1065 1661 nihil
1095 1604 1144 1661 ex
1175 1579 1247 1661 hac
1271 1592 1383 1690 parte
1399 1566 1566 1657 Damaso
1597 1567 1833 1653 obstiturum
1864 1554 1964 1646 esset

442 1690 652 1798 quominus
681 1703 795 1772 tanto
819 1695 971 1774 muneri
992 1717 1067 1800 par
1095 1688 1580 1779 iudicatuscnmmunibus
1600 1677 1788 1795 suffragiis
1804 1676 1965 1764 Roma·

442 1827 514 1887 uus
541 1796 730 1889 Pontifex
760 1798 1022 1887 salutaretur.

567 1920 656 2002 Nec
690 1915 737 2002 cai
778 1920 1007 2030 tempestate
1048 1930 1121 2004 aut
1158 1913 1307 2030 vspiam
1341 1910 1507 2002 omnino
1542 1912 1636 1999 aliis
1676 1910 1725 1996 ab
1762 1910 1964 2025 Hispaniae

442 2030 623 2123 Ecclestis
650 2034 848 2120 Prirnarirr
879 2041 1057 2120 omnium
1096 2035 1283 2120 Romanae
1312 2028 1525 2118 Cathedrae
1560 2030 1611 2115 de
1647 2034 1734 2115 iure
1763 2050 1830 2114 aut
1865 2052 1967 2139 prar-

442 2156 623 2261 rogatiua
666 2146 779 2239 litem
815 2156 1053 2239 intentatam
1097 2149 1262 2267 legimus
1292 2205 1307 2252 ,
1339 2153 1404 2235 cui
1435 2174 1510 2261 pro
1550 2145 1736 2261 Hispanis
1772 2141 1968 2232 deciden-

443 2261 504 2347 dae
533 2262 716 2351 conferre
743 2274 956 2384 quicquam
988 2266 1113 2382 posset
1145 2264 1322 2355 fueritne
1365 2266 1470 2377 apud
1506 2260 1690 2377 ipsos-an
1728 2257 1821 2347 alibi
1851 2282 1967 2349 natus

440 2380 664 2482 Damasus3
695 2398 739 2469 vt
766 2411 895 2498 neque
922 2414 969 2472 ex
996 2385 1071 2470 hoc
1097 2387 1225 2497 capite
1241 2379 1456 2495 suspicioni
1480 2382 1590 2467 locus
1623 2377 1668 2463 sn
1688 2380 1849 2466 vitiatos
1871 2405 1970 2492 pro-

441 2509 582 2607 pterea
610 2515 764 2587 veteres
797 2498 960 2586 secundi
982 2498 1152 2613 catalogi
1187 2521 1307 2616 atque
1346 2494 1536 2585 Anastasri
1567 2494 1766 2581 Codices.
1801 2502 1968 2581 Praeter-

443 2635 490 2692 ea
507 2610 648 2698 nihile
665 2622 846 2728 margine
876 2620 922 2701 in
940 2621 1084 2704 horum
1103 2616 1363 2729 Scriptorum
1380 2634 1536 2699 textum
1552 2601 1771 2720 irrepsisse,
1798 2609 1967 2697 nullam·

444 2750 497 2811 vc
525 2728 601 2813 hoc
632 2730 723 2816 loco
750 2732 908 2820 lubricat
940 2734 1030 2822 fidei
1062 2728 1409 2821 narratiunculam
1452 2731 1584 2813 eidem
1617 2721 1970 2827 subintroductam,

443 2863 515 2930 aut
544 2844 697 2929 temere
726 2842 885 2927 assutam
906 2845 1044 2943 fuisse,
1075 2848 1232 2954 liquido
1258 2842 1407 2925 constat
1433 2866 1482 2924 ex
1512 2867 1560 2924 eo
1590 2834 1698 2947 quod
1724 2836 1850 2919 tribus
1876 2871 1973 2927 om-

442 2962 543 3042 nino
558 2957 715 3042 verbis:
743 2955 937 3073 Damasus
960 2962 1116 3049 natione
1132 2956 1327 3075 Hispanus
1358 2957 1569 3067 negotium
1602 2947 1833 3038 universum
1850 2974 1970 3043 tran-

443 3066 617 3185 figatur3
646 3066 858 3182 omnesque
878 3077 936 3159 ita
949 3073 1121 3184 praclufi
1139 3072 1214 3159 fint
1231 3072 1392 3175 aditus,
1413 3092 1457 3159 vt
1475 3098 1546 3158 nec
1563 3077 1645 3157 iota
1667 3095 1787 3155 vnum
1815 3069 1865 3156 ad
1880 3100 1968 3160 rem

444 3186 616 3275 nostram
643 3183 931 3276 conficiendam
963 3189 1224 3295 redundare,
1254 3210 1322 3278 aut
1346 3184 1476 3275 deesse
1507 3216 1625 3275 nemo
1656 3212 1737 3272 non
1766 3186 1934 3275 videat.

564 3305 771 3393 Vlteriirs.
799 3305 897 3390 Non
925 3306 990 3393 hic
1014 3306 1130 3397 nobis
1157 3307 1209 3393 de
1240 3314 1349 3392 notis
1385 3306 1647 3391 arithmeticis
1677 3318 1748 3388 aut
1775 3299 1828 3389 de
1858 3312 1969 3401 ru

444 3419 730 3537 chronologica
758 3420 887 3512 sermo
909 3421 994 3535 ell3
1024 3454 1096 3514 nec
1122 3422 1174 3511 de
1203 3422 1305 3540 srglis
1335 3440 1402 3508 aut
1427 3420 1653 3509 litterarum
1686 3420 1964 3534 compendiis,

442 3559 491 3627 nt
518 3566 565 3629 ex
607 3566 792 3627 errorum
829 3546 872 3627 in
903 3542 962 3629 his
1003 3544 1118 3629 rebus
1151 3540 1375 3735 frequentia
1413 3546 1612 3627 coniicere
1653 3563 1827 3652 pronum
1877 3532 1964 3625 sue-

442 3662 500 3745 rit
528 3677 699 3745 erratum
737 3682 899 3769 quoque
928 3656 977 3738 ab
1009 3660 1186 3741 Auctore
1234 3651 1377 3740 ecundi
1405 3653 1573 3763 catalogi
1611 3676 1729 3760 atque
1760 3652 1962 3741 Anallasro

446 3766 560 3859 soille
599 3770 699 3855 dum
739 3766 792 3851 de
838 3768 996 3854 Damasr
1026 3774 1152 3883 patria
1192 3770 1494 3884 loquerentur,
1533 3783 1604 3851 aut
1632 3765 1681 3852 ab
1709 3772 1963 3883 Antiquariis

450 3890 494 3971 in
520 3882 687 3973 vetuslis
724 3908 864 3972 eorum
890 3883 1091 3973 codicibus
1120 3883 1416 3976 describendis.
1450 3888 1597 3999 Neque
1628 3886 1783 3970 demum
1815 3882 1965 4002 (quod

445 3999 628 4089 miraculi
665 3997 765 4090 loco
790 4001 1048 4124 habendum)
1078 4010 1119 4091 in
1151 4004 1261 4095 tantai
1291 4002 1573 4117 exemplarium
1600 3997 1759 4087 secundi
1791 4004 1964 4119 catalogi

446 4139 568 4237 atque
584 4120 675 4207 Ana
692 4117 791 4209 [lasti
819 4128 860 4207 in
886 4123 1141 4207 Bibliotlrecis
1157 4150 1227 4234 per
1246 4122 1427 4221 ltaliam,
1460 4115 1629 4203 Galliam
1648 4170 1662 4218 ,
1691 4120 1964 4218 Germaniam,

448 4235 693 4347 &Belgium
736 4234 964 4323 universum
995 4233 1145 4348 copiti,
1175 4264 1271 4351 quos
1301 4233 1494 4350 stupendo
1531 4232 1666 4322 labore
1691 4233 1963 4325 contulere.)

445 4350 671 4440 Holllenius
700 4352 813 4471 (a),
829 4348 968 4467 &poll
982 4381 1074 4443 eum
1089 4353 1233 4443 Senior
1249 4350 1484 4441 Blanchinus
1511 4350 1613 4473 (b);
1643 4352 1958 4466 prasertimcum

449 4477 491 4557 in
520 4471 605 4557 aliis
635 4472 784 4557 horum
813 4474 1064 4586 Scriptorum
1105 4472 1203 4563 locis
1233 4470 1387 4560 infinita
1422 4496 1529 4585 pene
1570 4472 1617 4558 fit
1641 4472 1854 4557 lectionum
1885 4496 1958 4557 va-

448 4594 590 4676 rietas:
623 4586 687 4673 vel
719 4615 840 4675 vnum
872 4592 1051 4680 tractenus
1074 4608 1276 4706 repertum
1304 4588 1502 4704 legimus,
1533 4588 1601 4791 qui
1627 4587 1678 4674 de
1703 4587 1856 4675 Damasi
1882 4614 1958 4700 pa·

453 4708 530 4792 tria
562 4704 730 4819 loquens
761 4734 844 4796 non
874 4708 1041 4795 mirifice
1075 4718 1222 4801 rateris
1248 4709 1434 4799 omnibus
1463 4735 1535 4795 con
1555 4711 1703 4795 entiat.
1866 4826 1907 4909 H

1910 4846 1961 4907 ac

499 4999 549 5083 (a)
574 5001 602 5067 Α
609 5000 895 5086 pudBlanchintrm
912 5012 944 5079 r'tt
954 5008 1179 5092 mesanam·
1282 5006 1331 5089 (b)
1357 5012 1399 5076 II·
1426 5011 1504 5074 Turn·
1524 5010 1628 5098 Arest·
1663 5014 1694 5079 itt
1711 5004 1965 5096 protegendae

452 5092 492 5159 tul
513 5097 685 5181 Arrrstrrfir‘·
1235 5114 1316 5188 pag.
1338 5100 1501 5175 LXXXV.
