4184 5904
1517 244 1766 438 ers

152 502 253 592 nino
274 509 492 600 exillimata
519 512 624 599 suit.
652 512 768 598 lianc
796 533 873 623 ego
898 525 1029 596 tamen
1057 505 1109 591 de
1136 509 1343 592 Lestorum
1363 520 1474 594 atate
1494 503 1651 592 dodiri-

147 649 237 708 nam
271 622 336 714 seu
360 637 492 739 potius
520 631 821 727 conieeiuram,
865 629 974 738 qubd
1007 628 1073 709 vix
1100 622 1215 707 sciam
1241 651 1290 708 an
1319 624 1369 707 ab
1398 623 1477 709 alio
1505 622 1652 711 tradita

145 755 213 824 aut
243 743 512 832 animadversa
540 744 698 858 pridem
729 741 1126 856 fuerir,discip1inae
1152 739 1418 829 Ecclesiastico
1445 741 1649 850 peritiori-

140 853 210 945 bus
236 861 535 948 examinandam
561 890 747 978 propono
775 862 795 970 (
826 867 871 978 ).

111 1086 114 1091 .
256 977 380 1096 Qod
413 977 464 1065 ad
489 985 687 1068 asinorum
707 974 919 1066 Ordinum
948 976 1162 1066 interstitit
1188 980 1365 1083 sedeat,
1398 974 1441 1064 id
1470 974 1523 1059 ert
1550 987 1656 1060 tem·

142 1114 247 1202 pora
278 1097 415 1210 quibus
443 1096 644 1185 consti-tuti
674 1104 717 1185 in
749 1096 1011 1200 minoribus,
1048 1123 1126 1210 pro
1148 1005 1321 1206 rpibrum
1344 1094 1541 1199 exercitio
1567 1119 1655 1176 ma·

144 1213 253 1295 iores
279 1210 421 1325 gradbs
436 1216 617 1326 opperiri
639 1213 869 1302 deberent:
901 1241 1028 1328 neque
1050 1240 1124 1316 es,
1141 1239 1224 1325 pro
1241 1211 1300 1295 his
1322 1217 1396 1325 ·qui
1409 1228 1509 1294 natu
1534 1233 1658 1320 grau·
1782 1323 1786 1331 ι

36 1346 49 1374 ·
143 1322 279 1412 diores
303 1326 482 1414 Ecclesae
507 1330 866 1431 adscribebantur,
903 1332 1015 1416 certo
1041 1327 1203 1416 definita
1229 1329 1515 1441 comperimus.
1550 1323 1656 1408 Sane

145 1440 381 1531 Concilium
400 1445 633 1537 Sardicense
663 1449 721 1561 (st
745 1452 827 1535 eius
852 1448 969 1535 nobis
996 1445 1221 1558 testimonio
1250 1450 1308 1531 vti
1335 1474 1404 1559 per
1423 1439 1657 1529 Merendam

144 1552 277 1672 licet)
307 1560 378 1677 (a)
395 1583 478 1679 pro
495 1592 728 1684 unoquoque
738 1563 880 1682 gradu
900 1591 974 1655 uon
997 1570 1154 1654 minam·
1172 1572 1355 1677 temporit
1377 1560 1657 1676 longitudinem

145 1671 284 1763 statuit
303 1699 318 1779 3
350 1706 476 1794 neque
498 1702 631 1769 tamen
658 1681 798 1769 delinit
819 1682 970 1798 quanta
990 1679 1151 1769 demum
1181 1709 1225 1767 ea
1245 1677 1375 1766 futura
1394 1681 1474 1766 srt.
1502 1676 1660 1761 Roma·

144 1818 242 1877 num
272 1795 326 1876 ll·
358 1795 619 1915 (b)&111.
651 1800 730 1916 (e)
758 1797 825 1887 sub
853 1797 1040 1887 Silvcllro
1062 1826 1146 1916 quae
1162 1797 1284 1885 modb
1309 1794 1580 1892 laudavimus,
1610 1810 1659 1881 vt

148 1907 360 1996 indubium
387 1913 434 1999 srt
456 1943 592 2003 eorum
609 1918 901 2016 testimonium,
932 1940 1007 2029 pro
1035 1916 1094 2002 his
1110 1914 1267 2014 tautbm
1293 1912 1360 2026 qui
1392 1909 1563 2025 ipuer-is
1582 1913 1659 1994 Ec·

148 2022 364 2112 clesrallicae
389 2031 541 2120 mili-tia
575 2061 721 2123 nomen
749 2031 900 2123 deditae
930 2053 1150 2146 temporum
1179 2031 1386 2117 interstitia
1405 2015 1656 2114 constituisse

151 2137 352 2228 credenda
381 2142 497 2235 sum:
531 2147 690 2266 longior
709 2152 864 2240 etenim
895 2154 936 2234 in
968 2171 1144 2265 utroque
1179 2173 1369 2235 annorum
1398 2151 1547 2230 tractus
1576 2140 1658 2246 def

147 2264 362 2362 cernitur,
386 2266 505 2377 quim
534 2282 579 2353 vt
604 2299 697 2355 eum
721 2286 836 2356 atate
862 2270 1130 2377 provectiores
1162 2262 1368 2379 praesiolari
1393 2260 1567 2375 possint.

255 2375 449 2468 Merenda
482 2400 527 2472 vt
549 2382 721 2473 vidimus
741 2385 994 2473 novennium
1020 2439 1035 2484 ,
1068 2378 1202 2470 saltem
1229 2379 1480 2494 septennium
1503 2375 1658 2464 conili-

149 2490 248 2576 ruris
271 2498 311 2579 in
343 2500 594 2606 Minoribus,
621 2522 739 2616 atque
765 2502 868 2589 adeb
886 2498 1039 2585 Damasi
1068 2499 1225 2609 parenti
1251 2498 1419 2583 omnino
1447 2500 1660 2604 expedian-
1686 2510 1689 2515 ’

149 2612 247 2690 dum
269 2605 385 2693 soille
406 2622 494 2708 ait,
517 2636 561 2696 vt
585 2643 632 2695 ex
658 2643 798 2698 eorum
827 2633 1052 2719 temporum
1077 2610 1285 2721 disciplinal
1300 2609 1348 2692 ad
1371 2607 1530 2696 altiores
1563 2633 1660 2720 gra·

154 2720 229 2806 dits
257 2725 424 2832 provebi
455 2716 581 2837 pollet
611 2724 716 2842 (d).
750 2727 904 2812 Vertim
929 2723 970 2808 id
996 2752 1072 2810 nec
1096 2721 1305 2824 refellere,
1329 2753 1460 2838 oeque
1489 2743 1660 2814 tamen,
1688 2829 1691 2836 ¹

151 2863 229 2950 pro
253 2856 369 2923 certo
400 2842 594 2926 affirmare
614 2832 814 2951 possumus
836 2841 968 2922 donec
996 2840 1138 2922 idonea
1167 2840 1280 2924 nobis
1307 2840 1518 2926 afferantur
1550 2840 1662 2926 testi·

148 2957 316 3039 monia.
349 2955 610 3042 Recentiores
641 2955 753 3042 certe
779 2952 943 3050 Siricii,
971 2949 1201 3040 Innocenrii
1230 2978 1274 3038 ac
1298 2954 1448 3041 Zosimi
1465 2955 1658 3067 Epistola.

144 3069 195 3157 ad
224 3095 322 3183 quas
350 3099 420 3156 nos
444 3071 636 3159 Merenda
664 3078 708 3156 in
735 3071 849 3157 'huius
877 3070 1066 3153 dodlrina
1089 3070 1438 3159 confirmationem
1462 3072 1661 3158 manudu-

145 3194 233 3290 cit,
263 3186 372 3272 nihil
403 3210 448 3273 vt
477 3186 601 3273 modb
627 3188 850 3275 dicebamus
875 3214 1081 3272 commune
1104 3188 1248 3281 habent
1272 3215 1365 3273 cum
1393 3216 1529 3277 eorum
1558 3210 1660 3276 tem·

148 3330 292 3418 porum
321 3302 534 3416 disciplina
562 3299 613 3389 de
643 3306 783 3416 quibus
809 3302 1005 3417 qnasuum
1029 3310 1244 3416 oportuit.

270 3420 425 3506 Vemm
454 3450 526 3513 nec
555 3415 582 3501 sr
607 3416 861 3533 septennium
889 3447 962 3531 pro
982 3422 1186 3504 minorum
1205 3422 1421 3507 ordinum.
1441 3423 1659 3510 interstitiis

146 3544 330 3650 parentis
358 3537 522 3622 Damasi
537 3554 654 3626 aerate
680 3537 730 3621 ab
756 3533 925 3622 Ecclesia
942 3534 1197 3646 praestitutum
1218 3534 1330 3623 fuisse
1340 3540 1545 3625 Merenda
1568 3566 1662 3650 gra·

64 3698 75 3712 .
144 3655 198 3738 ris
236 3650 579 3757 concesserimus,
624 3649 857 3764 impeditior
896 3652 1005 3736 nobis
1037 3654 1101 3738 via
1127 3646 1293 3739 subinde
1319 3647 1479 3758 suerit,
1511 3678 1557 3740 vt
1586 3655 1661 3741 suo

147 3769 239 3856 loco
266 3770 471 3864 dic-emus.
503 3773 663 3864 Interea
694 3772 792 3861 verb
821 3764 1003 3895 suspicari
1037 3764 1092 3855 fas
1120 3768 1175 3858 est
1202 3769 1417 3887 plurimum
1447 3777 1488 3858 in
1512 3771 1585 3858 lrac
1616 3800 1660 3859 re
1736 3774 1739 3779 ’

1591 3920 1657 3977 m.

189 4087 244 4187 [*]
265 4098 413 4167 Suboluit
432 4096 562 4172 sortalfis
581 4087 648 4169 baec
663 4092 805 4171 delirius
817 4088 872 4172 Cl-
973 4092 1048 4189 Iu]
1072 4107 1150 4174 cun·
1169 4098 1211 4165 X·
1226 4120 1281 4185 ap.
1301 4097 1403 4169 labb.
1426 4103 1505 4167 Tum·
1526 4097 1570 4172 11.
1590 4094 1660 4166 Cos·

145 4177 229 4255 Lud.
259 4187 434 4260 Muratorio
456 4198 511 4283 qui
538 4203 570 4264 itt
596 4197 693 4265 Notis
729 4202 770 4264 od
793 4192 873 4265 illud
931 4200 1006 4261 66‘6.

144 4280 273 4349 Pousrni
295 4286 418 4350 Nolani
444 4288 480 4350 le
503 4291 606 4354 seruo
623 4291 724 4376 Felice
744 4294 870 4375 Marty-
970 4278 1019 4378 [b]
1043 4288 1169 4359 Aureae
1180 4287 1224 4356 l!-
1240 4292 1316 4376 Cap.
1328 4287 1384 4354 Kb
1398 4294 1450 4369 ap·
1463 4277 1563 4353 labb.
1579 4285 1659 4350 Tem

146 4391 201 4438 re:
229 4370 339 4439 Primis
355 4366 470 4438 Letror
491 4371 615 4440 servivit
637 4372 669 4442 in
690 4376 871 4448 aunisNor·
931 4382 956 4445 I·
983 4385 1050 4447 Cel·
1073 4387 1168 4454 ¹585·

145 4466 385 4531 CCXXXVIII·
397 4468 482 4533 Edit»
499 4471 611 4536 Veron·
625 4484 722 4553 1736·
734 4476 869 4552 col-933·
977 4469 1044 4548 [c]
1075 4475 1176 4540 Rubr·
1198 4472 1235 4539 de
1249 4472 1448 4559 prefitiatur
1474 4461 1659 4540 hornuth.

144 4547 188 4619 ste
217 4549 330 4622 habet:
350 4555 429 4622 oua
443 4552 481 4626 b*
495 4560 639 4643 Cyprium
661 4584 722 4629 eru
733 4604 746 4640 ,
769 4582 804 4628 vr
822 4567 873 4628 iui-
929 4580 979 4643 ap.
1000 4554 1102 4625 L‘abb·
1130 4565 1212 4629 Ten't·
1229 4565 1269 4629 11.
1293 4568 1358 4630 cor.
1380 4562 1460 4641 4‘17·

144 4647 215 4712 dere
236 4647 275 4729 est
297 4649 329 4710 ir
353 4650 437 4713 illius
452 4652 587 4733 Epistelr'r
610 4667 626 4723 3
633 4669 663 4726 3·
685 4647 724 4719 (r
754 4676 807 4732 34·
833 4646 872 4721 (r
972 4641 1024 4740 [d]
1046 4654 1186 4734 Postremi
1206 4658 1239 4720 ie
1256 4652 1556 4720 rainerumOrdieurn
1570 4670 1659 4718 exer·

143 4740 291 4805 ureretur
309 4740 377 4801 aliis
392 4779 404 4813 ,
420 4739 497 4819 solis
517 4742 666 4823 preveiiae
695 4748 793 4808 eterit
817 4745 871 4808 ho·
929 4745 1023 4810 tendit
1045 4744 1143 4829 officiis
1163 4760 1219 4810 aut
1229 4738 1433 4810 Noveuniun
1451 4757 1507 4807 aar
1527 4738 1658 4822 Septen-

141 4831 293 4905 niuibur,
315 4824 475 4897 meritis&
488 4828 624 4897 deterret
642 4832 798 4916 infigeribur
810 4834 869 4897 Le·
928 4829 1014 4897 nium
1021 4833 1133 4917 firlrem
1150 4834 1294 4917 insumere
1320 4835 1453 4909 debuit,
1476 4851 1535 4918 quo
1558 4830 1658 4915 elapso

142 4921 226 4985 lieris
253 4937 355 4983 murras
378 4921 611 4988 demandaretur
632 4939 707 4984 ::::
728 4925 776 4986 Ar
794 4926 875 5006 post·
932 4937 1059 5008 ternpore
1075 4925 1105 5009 fi
1122 4926 1238 5009 quisse
1260 4928 1394 4991 idoneum
1408 4926 1593 5008 mahumete
1619 4923 1661 4988 ud

142 5010 256 5077 uolunt
279 5011 320 5072 ad
341 5011 419 5075 illud
436 5012 632 5098 aduifflsivt
657 5012 817 5099 impuberes
833 5007 872 5083 (5¹
932 5015 1179 5098 attereret-arur
1199 5016 1283 5081 evehi
1298 5030 1446 5100 poterat·
1470 5007 1660 5078 Merendu

143 5096 310 5182 inferrruli·
924 5105 988 5190 sub
1009 5108 1081 5175 iaie·
1103 5105 1279 5191 opuseulum
1299 5109 1333 5177 S·
1357 5104 1481 5193 Oaraast
1496 5125 1527 5175 a.
1548 5127 1577 5171 r.
