4184 5904
432 594 562 662 neat:
591 576 632 657 in
661 570 881 682 polleriore
901 596 991 687 quae
1016 568 1155 658 recens
1181 532 1360 684 suppleta
1385 567 1474 672 eil,
1501 597 1575 657 nec
1591 560 1700 685 plura
1721 600 1838 689 quam
1863 566 1956 685 setta

435 690 682 776 bemilliclaia
702 698 904 803 complet,
925 693 981 774 bis
1011 690 1054 775 in
1077 692 1260 774 metricas
1286 690 1395 801 leges
1419 690 1687 803 impingitur,
1710 713 1752 776 ut
1779 696 1955 805 primum

305 876 309 881 .
435 810 478 891 ὃς
509 830 691 919 quartum
714 809 799 895 eius
839 806 996 894 uersum
1022 806 1074 893 ad
1101 805 1249 919 digitos
1275 827 1397 920 atque
1428 831 1563 892 aurern
1594 805 1835 921 expendenti
1866 838 1956 896 ma-

435 921 621 1011 nisellum
646 920 716 1009 fiet
745 926 839 1043 (a).
872 923 995 1042 Qud
1020 921 1049 1009 st
1075 920 1313 1038 reliquorum
1338 921 1493 1010 Damasi
1521 929 1849 1038 epigrammatum
1875 956 1951 1011 au-

436 1043 632 1155 tographa
647 1096 663 1143 ‚
695 1064 739 1128 vt
768 1043 823 1129 ita
849 1039 1054 1146 dicamus,
1084 1039 1149 1126 uel
1176 1043 1407 1153 incorrupta
1433 1038 1547 1125 nobis
1570 1037 1751 1153 exempla
1776 1039 1952 1156 superes-

434 1153 521 1362 {epp
534 1157 821 1362 :hacpprselatrppior
847 1156 1015 1248 fortalsrt
1036 1175 1160 1273 atque
1187 1159 1421 1285 aequabilior¹
1444 1158 1580 1245 Sancti
1610 1156 1817 1248 Pontificis
1841 1162 1953 1251 Poe·

557 1394 649 1480 Hac
674 1392 914 1506 potissimirm
938 1392 992 1485 de
1014 1395 1127 1484 causa
1148 1393 1245 1484 dum
1273 1398 1354 1484 haec
1370 1398 1581 1485 scriberem
1610 1424 1692 1486 non
1722 1396 1836 1483 semel
1863 1400 1952 1486 ani·

438 1539 549 1601 anum
567 1516 737 1626 pupugit
759 1516 954 1623 cogitatio
967 1514 1123 1601 Damafi
1145 1514 1282 1602 uersis
1301 1516 1482 1630 undique
1502 1516 1746 1630 conquisitos
1760 1517 1802 1597 in
1825 1546 1953 1602 vnum

431 1628 686 1746 colligendi,
713 1636 755 1716 δι
785 1630 812 1715 sr
839 1630 927 1717 fieri
965 1625 1091 1742 pollet
1127 1627 1295 1743 pristino
1326 1632 1450 1718 nitori
1474 1651 1597 1742 atque
1633 1634 1857 1743 integritati
1886 1660 1952 1719 re-

436 1745 673 1848 llituendi3
716 1749 854 1833 teriam
896 1746 1038 1834 arduus
1068 1744 1255 1860 aggressis
1292 1745 1404 1832 labor
1447 1774 1520 1834 nec
1563 1749 1767 1832 tractabile
1793 1749 1951 1859 pondus

436 1859 563 1951 visum
591 1858 694 1967 fuit,
727 1861 939 1977 prasertim
970 1864 1050 1951 fine
1081 1861 1261 1979 praesidio
1288 1881 1471 1953 veterum
1498 1862 1698 1949 Codicum
1734 1863 1952 1973 equorum

434 1976 650 2065 collatione
679 2006 864 2094 germem
889 1984 1075 2069 Auctoris
1103 1980 1237 2067 littera
1264 1978 1435 2065 omnino
1458 1979 1636 2067 eruenda
1664 1979 1758 2065 esl-
1792 1982 1953 2069 Interea

433 2116 596 2199 tamen,
626 2098 678 2180 ne
701 2095 802 2182 nihil
828 2092 950 2213 egisse
967 2095 1528 2210 videar,specimenconat1is
1560 2096 1681 2183 nollri
1711 2094 1840 2199 sistere
1868 2097 1954 2208 pla-

366 2259 377 2273 ν
430 2218 516 2296 cuit
545 2214 587 2296 in
621 2212 916 2326 Epigrammate
948 2214 1012 2303 De
1035 2225 1286 2331 cognomentis
1318 2213 1463 2332 Christi
1488 2219 1710 2303 Seruutoris
1737 2265 1753 2311 ‚
1783 2212 1894 2325 quod
1928 2218 1952 2297 i

434 2332 651 2413 Sarazanio
680 2330 888 2415 undecimo
913 2327 1020 2442 (b),
1046 2333 1070 2411 ai
1099 2332 1294 2414 Merenda
1322 2331 1435 2416 sexto
1468 2328 1558 2416 loco
1587 2332 1652 2444 (c)
1678 2337 1872 2441 ponitur.
1904 2330 1953 2413 ln

431 2475 482 2530 eo
512 2450 661 2530 etenim
689 2473 780 2530 cum
800 2446 948 2559 primus
978 2441 1108 2532 versus
1134 2445 1358 2544 claudicet,
1368 2446 1573 2564 syllabam
1601 2445 1683 2558 ipst
1696 2446 1814 2563 deeffe
1841 2448 1954 2560 print

433 2559 499 2645 ille
533 2562 712 2675 Scriptor
739 2562 979 2653 cxillimayit
1004 2561 1103 2675 (d)
1128 2582 1143 2663 3
1185 2561 1284 2645 mihi
1313 2565 1416 2647 verb
1453 2563 1659 2674 pyrrichio
1696 2569 1853 2676 integro
1876 2563 1951 2649 de·

431 2698 648 2782 curtatur,
685 2697 808 2790 atque
847 2678 923 2765 boc
948 2684 1063 2792 padio
1089 2677 1349 2765 rellituendus
1375 2680 1536 2770 videtur
1564 2735 1580 2782 ‚
1609 2678 1635 2763 fi
1666 2683 1752 2792 poll
1779 2683 1950 2792 primam

430 2800 517 2891 eius
547 2822 684 2884 uocem
711 2796 835 2917 sper,
864 2800 904 2880 ὃς
928 2795 1023 2881 antri
1051 2791 1280 2904 sequentem
1312 2803 1400 2883 uita
1424 2850 1440 2889 ‚
1468 2804 1629 2875 tertiam
1664 2802 1767 2876 hanc
1793 2805 1860 2879 aia
1890 2804 1953 2883 ei·

431 2910 526 2996 dem
555 2910 798 3008 inseranrus3
814 2930 857 2992 vt
883 2914 1104 2989 nonium:
1134 2912 1229 3015 Sper
1247 2913 1388 3007 ‚uim
1402 2904 1634 3021 salut,&c.
1665 2906 1760 2993 ficut
1772 2908 1949 3020 pridem,

1880 3025 1952 3114 sed

358 3227 363 3237 Ι
473 3142 524 3243 [a]
548 3146 600 3221 Sic
620 3147 755 3218 babent:

702 3276 939 3305 .....
984 3234 1080 3308 tatuit
1096 3232 1157 3339 sub
1176 3258 1288 3329 aggere
1309 3247 1413 3312 muntia

702 3369 940 3398 .....
978 3332 1120 3415 sequens
1140 3335 1311 3421 lipacintbe
1324 3339 1492 3419 probatur·

488 3428 638 3515 Qucum
662 3421 760 3513 priori
782 3419 837 3489 vix
871 3414 935 3486 scio
964 3440 1005 3484 an
1032 3416 1158 3486 medicae
1216 3422 1319 3490 induit
1343 3425 1385 3488 ob
1408 3418 1471 3486 soni
1493 3414 1708 3503 asperitatem,
1731 3419 1750 3487 *a
1773 3443 1835 3510 qua
1854 3439 1950 3488 notu

420 3510 591 3588 'Poitarum
619 3538 722 3586 manus
742 3508 890 3600 opitulari
912 3508 1061 3578 valeant.
1097 3512 1159 3578 1³0-
1214 3514 1348 3585 multum
1369 3508 1479 3580 Baticl
1496 3509 1594 3580 noslri
1612 3508 1779 3577 abhorrent
1802 3537 1868 3580 eam
1894 3511 1952 3577 lit-

430 3610 540 3677 llerior
561 3628 732 3699 utcumque
758 3601 894 3674 sustineri
918 3602 1043 3687 potestt
1063 3624 1158 3668 non.»
1215 3630 1316 3677 teram
1339 3600 1460 3670 densrbr
1490 3600 1686 3685 aspirantes.
1716 3603 1821 3671 Potuit
1851 3600 1949 3689 igitur

429 3699 559 3788 quidem
589 3699 711 3790 vulgari
730 3696 786 3764 illo
811 3691 1098 3783 Grammaticorum
1116 3692 1156 3757 ad
1213 3693 1399 3773 Damasus,
1432 3688 1704 3757 lihemislichium
1729 3693 1859 3782 dequo
1884 3691 1951 3779 agi·

426 3790 604 3873 ianpipror
622 3790 705 3859 suam
726 3785 875 3874 confugio
894 3785 1003 3873 ,quod
1016 3783 1076 3853 huc
1095 3805 1156 3850 nou
1215 3810 1280 3857 mus
1302 3780 1464 3869 adipsum
1489 3780 1651 3866 pertinet,
1678 3783 1720 3848 ob
1740 3781 1948 3870 sequentem,

428 3881 584 3963 peirinett
605 3881 655 3949 sed
675 3906 717 3951 erc
734 3878 920 3949 Graecorum
942 3874 996 3943 vsu
1010 3874 1066 3963 qui
1088 3874 1157 3941 bre·
1214 3877 1430 3968 aspirationem
1453 3872 1539 3942 vocis
1552 3878 1739 3961 martirius
1758 3875 1947 3958 postremam

286 3978 290 3987 '
428 3990 498 4035 rem
513 3970 660 4051 syllabam
674 3973 705 4039 in
718 3970 781 4039 siue
795 3964 941 4036 ditiionis
953 3961 1086 4033 consoni
1097 3984 1157 4031 ter·
1216 3972 1249 4039 in
1256 3976 1394 4063 Μηρώ
1410 3964 1557 4052 syllabam
1574 3962 1714 4050 alioquin
1731 3965 1856 4033 brevem
1874 3987 1949 4051 pro·

424 4058 572 4128 minatam
584 4061 825 4153 frequentissimi
846 4058 1032 4146 producunt,
1045 4055 1098 4125 rbi
1112 4055 1157 4121 se·
1213 4063 1328 4133 ducere
1348 4103 1358 4122 ·
1382 4055 1543 4140 'Exempla
1568 4054 1637 4122 ciue
1661 4054 1704 4121 rei
1719 4057 1801 4140 apud
1825 4055 1947 4123 Home·

426 4172 521 4239 quens
535 4156 648 4223 uocalis
659 4154 763 4239 aspero
774 4170 895 4220 notatur
912 4149 1037 4235 spiritu.
1054 4147 1153 4235 Apud
1214 4179 1283 4222 rum
1305 4144 1545 4238 frequentillima
1566 4144 1636 4215 suut
1658 4163 1691 4216 ut
1710 4145 1830 4238 Odyss.
1844 4170 1944 4219 xrtr·

428 4243 544 4309 Aeolas
564 4269 696 4335 namque
718 4248 742 4313 is
758 4244 881 4329 spiritus
901 4289 914 4324 ,
936 4240 1026 4308 cuius
1050 4238 1152 4306 vicem
1215 4252 1253 4321 y.
1278 4268 1353 4329 343.

427 4330 552 4402 sustinet
576 4334 758 4406 Latinorum
776 4336 835 4421 H,
861 4330 996 4402 consonae
1013 4346 1149 4397 naturam

870 4424 1044 4508 qu'ttwtta
1062 4420 1103 4485 dar
1124 4420 1150 4484 οἵ
1161 4430 1215 4496 daia
1231 4425 1304 4505 urbo
1324 4420 1475 4502 ἰξαλιίωασ

873 4518 955 4583 Item
976 4508 1080 4596 saepibs
1097 4537 1105 4579 ;
1124 4516 1268 4601 O’ao'pemt
1291 4511 1375 4579 inim
1397 4518 1461 4579 dcc.

472 4617 577 4685 Immo
598 4614 632 4680 &
656 4612 812 4702 Virgilius
833 4610 875 4676 ob
897 4606 1027 4675 eandem
1049 4626 1158 4703 vocent
1215 4608 1315 4673 labam
1336 4600 1481 4688 producit
1504 4597 1684 4692 Eulogat·
1704 4602 1747 4677 ’1.
1774 4628 1826 4692 53.
1882 4622 1885 4627 ·

427 4714 617 4799 slyuciutbur
628 4750 640 4786 ,
665 4706 791 4773 brevem
814 4725 882 4791 quac
895 4694 1079 4784 praecesserat
1099 4698 1162 4781 lyl.

702 4805 760 4867 lile
778 4803 859 4865 lutus
878 4802 993 4863 niueum
1015 4794 1098 4857 molli
1113 4789 1218 4873 stritus
1241 4795 1283 4857 H
1297 4793 1434 4859 celatha.

427 4891 545 4981 Neque
561 4889 642 4956 enirn
654 4889 695 4953 ob
708 4886 862 4967 caesuram,
874 4902 908 4951 ur
919 4882 1030 4967 vulgus
1040 4878 1157 4948 Gram-
1213 4880 1257 4947 du
1291 4905 1309 4945 a
1327 4879 1412 4946 suit.
1438 4876 1497 4945 Sed
1519 4875 1582 4945 bac
1606 4875 1739 4961 puerilia
1759 4876 1848 4944 sunt.

428 4985 607 5051 maritorum
626 4998 731 5065 purat,
743 4981 861 5068 syllaba
876 4976 954 5049 ruri
971 4976 1068 5045 Poeta
1082 4993 1155 5062 prof
1256 4964 1308 5063 [dl
1330 4982 1444 5043 Annos·
1464 4978 1495 5043 in
1511 4974 1633 5060 ernust
1653 4976 1752 5041 Curua·
1776 4970 1833 5040 a‘t.
1856 4967 1936 5052 erg·

475 5074 523 5154 [b]
548 5075 685 5138 Sacazan.
711 5080 787 5160 Rrg.
813 5083 865 5151 83.
1217 5072 1291 5137 tii.

472 5158 518 5252 [a]
544 5163 694 5234 Merenda
717 5172 793 5252 l’ug·
819 5181 897 5249 2242
1273 5170 1280 5212 Γ
