4184 5904
1607 260 1611 269 ’
1677 344 1786 457 ιιι

274 534 323 623 ¹&
346 535 388 618 p,
411 534 499 610 stem'
523 554 618 609 num,
642 530 696 608 ui.
721 522 770 611 ό·
799 521 902 626 xij.)
929 525 1018 599 Vtut
1047 522 1111 601 sit,
1140 542 1183 593 ea
1200 517 1383 596 Laurentii
1414 521 1576 611 mentio,
1601 541 1685 596 cum
1709 523 1783 599 sine

279 640 402 737 elogio
430 636 518 721 fiat,
548 631 638 717 nihil
663 631 856 732 proposito
883 624 1008 703 nostro
1042 622 1191 698 officere
1219 619 1361 723 potest.
1780 618 1814 675 '··

378 744 532 836 Quin
558 735 674 834 (Peg.
702 735 764 834 96.
790 733 831 805 in
856 724 948 808 Not.
975 727 1053 818 Α.)
1080 746 1158 823 quo
1186 723 1271 801 loco
1307 723 1486 797 adversus
1525 725 1586 802 Cl.
1615 724 1789 805 Lesleum
1888 758 1892 765 ·

277 841 486 917 dicebamus
513 836 710 920 Eulaliam,
737 833 841 908 euius
868 825 1437 911 inMissaliGothico·Gallicano
1465 826 1600 902 mentio
1627 827 1688 917 fit,
1713 855 1790 923 nori

276 937 577 1017 barcinonensem
615 934 675 1010 sed
702 931 957 1008 Emeritensem
999 927 1100 1004 soille
1131 981 1143 1015 ,
1168 926 1392 1025 confusaque
1423 925 1612 1026 utriusque
1642 930 1790 1021 Eulalire

280 1038 375 1117 Aeta
403 1037 531 1113 :subit
564 1035 673 1136 ipsius
703 1036 821 1111 leslei
860 1031 1103 1108 testimonium
1131 1029 1350 1115 adducere,
1375 1025 1442 1125 qui
1473 1048 1555 1103 cum
1592 1030 1629 1105 in
1659 1031 1792 1107 Miffaii

281 1139 521 1217 Mozarabico
548 1140 668 1239 (Peg.
692 1162 758 1236 3¹·
781 1134 844 1211 col.
874 1142 941 1225 a.)
969 1133 1013 1205 de
1039 1131 1247 1209 Emeritensi
1274 1151 1426 1230 quoque
1454 1129 1593 1204 Eulalia
1623 1132 1793 1224 clidium..

281 1240 522 1320 observlssett
547 1240 657 1315 vadit
676 1244 726 1313 nd
751 1234 919 1314 tribuual
941 1235 1086 1311 cruenti
1098 1232 1260 1333 Praefidir
1275 1285 1286 1319 ,
1300 1258 1365 1307 rec
1386 1231 1554 1330 quaefitu,
1580 1233 1698 1310 subdit
1723 1240 1793 1326 (itt

280 1341 376 1427 Not.
405 1344 498 1440 Peg.
513 1344 603 1437 482.
628 1339 691 1416 col.
707 1360 743 1413 a.
768 1342 807 1413 in
831 1335 955 1433 fin.):
981 1336 1069 1411 Her
1090 1359 1158 1410 non
1182 1333 1231 1407 nd
1255 1333 1530 1432 Emeritensem,
1547 1332 1620 1431 sed
1645 1339 1696 1413 ud
1721 1340 1795 1414 Eu.

281 1443 404 1520 Iasium
435 1439 731 1541 Barcirrrnensem
760 1441 984 1542 pertinent.
1021 1437 1201 1508 Preterea
1234 1433 1329 1507 idem
1358 1434 1417 1507 Cl.
1444 1431 1591 1510 Aiuor
1619 1447 1638 1530 (
1653 1440 1693 1515 in
1718 1455 1791 1515 rot.

280 1546 372 1643 Peg.
397 1546 486 1639 481.
513 1542 579 1618 coi.
603 1551 674 1633 a.)
700 1538 799 1642 apud
824 1561 939 1615 orirer
965 1533 1214 1614 Occidentalis
1239 1532 1393 1634 Ecclefiae
1418 1535 1551 1610 Gentes
1577 1537 1794 1615 Ecclesiam.»
1893 1574 1895 1581 ·

282 1643 540 1743 Emeritersem
573 1642 836 1719 celeberrimam
854 1630 965 1738 fuiffe
1003 1633 1151 1710 testatur
1178 1663 1191 1727 3
1216 1650 1261 1710 vt
1287 1634 1377 1708 nihil
1411 1635 1613 1713 mirandum
1654 1640 1792 1730 fuerit,

281 1744 384 1844 quod
415 1744 512 1843 apud
538 1742 839 1824 Gallo-Gothos,
866 1739 978 1813 immo
1014 1740 1050 1815 δι
1082 1734 1181 1837 apud
1210 1735 1430 1813 remotiores
1455 1736 1591 1812 Gentes
1623 1742 1702 1817 eius
1728 1767 1794 1819 na·

290 1848 366 1919 tale
392 1844 567 1944 peculiari
597 1843 704 1919 Missi
733 1840 1013 1915 celebraretur.
1845 1848 1847 1853 '

380 1949 493 2021 Sexro
535 1951 553 2029 (
568 1949 655 2043 Peg.
690 1967 774 2020 iii.
797 1939 870 2039 sub
900 1942 1015 2034 init.)
1042 1938 1138 2015 inter
1167 1935 1315 2014 Sardos
1342 1992 1354 2028 ,
1379 1959 1540 2038 quorum
1562 1968 1635 2019 non
1665 1943 1793 2020 meinis

278 2045 331 2119 nit
345 2046 605 2121 Orationarius
626 2042 813 2119 blanchini
830 2042 989 2131 Codex,
1015 2039 1102 2118 ficet
1129 2035 1220 2115 rere
1240 2041 1384 2141 Hispani
1412 2043 1506 2127 sirit,
1534 2045 1713 2120 recenseri
1738 2063 1791 2120 et·

279 2146 350 2221 iam
381 2148 518 2222 deberit
557 2145 702 2223 Paullus
734 2146 956 2230 ,Ianuarius
988 2148 1024 2220 dr
1064 2141 1245 2220 Martialis
1284 2142 1542 2219 Cordubenses
1580 2149 1790 2249 Martyres,

278 2271 440 2343 quorum
467 2250 585 2322 natale
612 2249 648 2323 in
673 2247 803 2323 Millali
832 2246 1069 2320 Mozarabico
1097 2244 1312 2320 celebratur
1334 2269 1395 2319 iv.
1420 2246 1503 2317 Cal.
1529 2247 1728 2335 Odlobris,
1755 2254 1792 2328 8<

275 2348 433 2423 habetur
455 2349 610 2446 propria
638 2348 841 2425 eorundem
866 2346 971 2421 Milia
1003 2345 1158 2420 inlidit.
1185 2343 1304 2420 Leslei
1336 2349 1426 2441 Pag.
1455 2349 1540 2443 387.
1567 2348 1790 2424 Prudentius

277 2469 432 2542 quoque
461 2450 620 2522 fortassis
647 2448 792 2518 eosdem
821 2446 1005 2544 Martyres
1039 2445 1258 2532 intellexit,
1285 2469 1366 2519 eum
1394 2451 1613 2522 enumeratis
1645 2449 1788 2525 Aciselo

279 2549 316 2622 81
347 2546 802 2643 ZoilloXCordubensibus
833 2544 996 2653 (simun.
1023 2546 1066 2615 cle
1089 2543 1238 2617 XVIII.
1265 2543 1415 2625 Mart.
1447 2545 1687 2653 Cesarattg.)
1713 2567 1789 2628 tres

275 2644 424 2751 insuper
452 2646 570 2721 eidem
595 2644 689 2719 Vrbi
713 2663 858 2720 coroner
888 2638 1031 2728 adiicit,
1059 2639 1252 2736 inquiens:

433 2850 616 2928 Corduba
645 2844 829 2922 Acisclum
861 2840 961 2921 dabit
988 2845 1025 2924 8<
1051 2844 1242 2933 Zoillum,

534 2947 695 3045 Tresque
723 2949 909 3020 Coronat.

380 3146 492 3223 laici>
520 3139 695 3227 tandem,
721 3139 823 3236 qnod
849 3140 913 3216 suo
942 3137 1051 3217 nobis
1078 3139 1166 3220 loeo
1194 3142 1385 3220 exciderat
1416 3153 1577 3252 (nempe
1601 3152 1714 3252 Pngg.
1732 3182 1786 3256 ¹3·

181 3267 186 3274 ·
278 3243 326 3327 ό·
352 3265 414 3343 74.
452 3268 530 3341 quo
558 3243 643 3316 loco
680 3240 726 3314 de
764 3242 979 3340 antiquitate
1004 3243 1090 3314 vite
1121 3245 1262 3318 Damasi
1290 3252 1310 3318 a
1335 3248 1534 3325 ueneritis
1560 3253 1784 3356 Presbytero

280 3346 425 3445 scripto
459 3344 662 3419 sermonem
689 3341 915 3432 habuimus)
942 3339 1152 3417 addendum
1181 3341 1296 3417 visum
1328 3343 1426 3433 fuit,
1452 3352 1555 3445 quod
1581 3356 1681 3452 apud
1706 3363 1787 3435 Ma·

280 3447 472 3521 billonium
500 3443 629 3535 (Tem.
660 3467 688 3517 i.
715 3441 815 3537 Mus.
843 3440 926 3518 Ital.
946 3464 1028 3545 pag.
1068 3451 1185 3544 129.)
1212 3468 1268 3517 rue
1295 3443 1419 3542 legisse
1448 3452 1624 3540 memini,
1650 3456 1787 3536 scilicet
1876 3439 1880 3449 ’

280 3546 317 3620 iii
340 3545 520 3621 Oratorio
545 3540 662 3618 Sancti
685 3541 876 3618 Sebastiani
891 3541 948 3614 de
976 3545 1099 3629 Vrbe,
1123 3540 1240 3639 vulgb
1267 3546 1347 3624 San
1374 3545 1620 3647 uastianello,
1644 3558 1691 3630 ad
1719 3564 1787 3636 cli.

280 3671 371 3722 vum
396 3644 549 3720 Palatini
576 3645 709 3721 montis
733 3697 744 3731 ,
769 3645 875 3742 supra
900 3667 1024 3720 arcum
1050 3645 1121 3718 Titi
1150 3644 1327 3743 Augusti,
1353 3647 1389 3721 in
1417 3648 1635 3748 antiquioris
1663 3660 1784 3737 Eccle.
1856 3662 1860 3669 '

282 3750 339 3823 sie
366 3748 485 3847 apside
513 3753 609 3841 pone
636 3770 735 3819 aram
769 3745 924 3822 eiusdem
965 3748 1161 3821 maximam
1187 3763 1353 3827 veterem
1380 3746 1561 3850 pisiuram
1592 3763 1783 3860 reperiri,
1910 3784 1913 3789 ’

281 3849 319 3922 iri
345 3853 449 3925 cuius
479 3844 601 3921 infima
629 3863 732 3947 parte
753 3846 960 3923 Mabillonii
981 3854 1063 3923 {evo
1090 3847 1305 3945 legebatur:
1330 3882 1333 3887 ·

383 4050 480 4123 roo
506 4047 802 4126 neuruic‘ivs
827 4028 930 4119 13Rb'·
955 4028 1012 4117 'ir
1041 4045 1314 4126 nourrius
1341 4051 1540 4129 riunire
1565 4061 1686 4139 eici.

281 4248 387 4323 Hunc
417 4265 536 4323 autem
562 4245 794 4324 Benedluum
821 4247 976 4322 eundem
1000 4248 1071 4323 else
1104 4275 1185 4326 cum
1208 4248 1278 4338 eo,
1305 4253 1370 4351 qui
1401 4254 1516 4330 vitam
1542 4259 1710 4348 Damasi,
1738 4263 1783 4341 de
1905 4310 1908 4316 ·

282 4372 355 4444 qua
384 4350 525 4445 agimus
568 4349 707 4450 scripsit
733 4351 977 4450 ,suspicatur
1005 4349 1071 4423 Vir
1109 4354 1368 4429 Eruditissimus
1394 4357 1518 4447 (ibid.
1545 4361 1636 4460 Peg.
1670 4379 1784 4459 ιφ.)

281 4448 362 4522 Nos
401 4466 522 4524 autem
550 4505 560 4540 ,
587 4454 722 4548 quibus
749 4450 821 4529 alte
845 4449 1024 4524 insederat
1049 4449 1203 4529 studium
1232 4455 1310 4528 eius
1340 4456 1523 4534 ueneditti
1550 4477 1693 4538 etatem
1718 4468 1781 4553 ,sr

283 4547 364 4623 sieri
390 4550 532 4648 posset,
560 4552 766 4650 inquirendi
795 4606 805 4639 ,
833 4550 1013 4652 pisturam
1047 4554 1196 4649 quidem
1223 4555 1487 4653 diligentissime
1524 4561 1783 4658 lustravimus,

281 4651 361 4724 eius
387 4667 507 4725 autem
533 4653 777 4754 inscriptionis
805 4652 984 4750 fugientes
1011 4652 1142 4729 diuus
1170 4657 1234 4731 vix
1260 4658 1535 4757 deprehendere
1564 4666 1780 4760 potuimus.

281 4746 420 4824 Verbm
445 4752 470 4826 si
498 4751 644 4828 isidem
674 4751 917 4838 uenalium,
942 4753 1046 4829 cuius
1074 4780 1203 4832 nomen
1232 4758 1365 4833 ibidem
1391 4763 1582 4857 legebatur
1609 4764 1695 4842 vit'ae
1710 4772 1784 4846 Da.

281 4850 367 4930 masi
396 4854 560 4949 Scriptor
581 4854 713 4929 suerit:
740 4882 813 4931 non
839 4854 1062 4951 ambigerem
1089 4858 1242 4947 eundem
1266 4860 1312 4933 ad
1337 4862 1435 4937 Vlll.
1460 4862 1614 4942 fortassis
1641 4870 1779 4947 etiam..

284 4953 332 5029 ad
362 4955 442 5033 Vll.
470 4955 641 5037 seculum
676 4955 817 5035 reserre
841 4982 852 5031 t
877 4955 1021 5062 pistura
1056 4966 1151 5038 enini
1177 5011 1190 5052 ,
1216 4961 1277 5036 seu
1305 4962 1461 5045 eiusdem
1495 4969 1641 5065 genium
1665 5023 1678 5060 ,
1702 4973 1778 5048 sire
1915 4933 1932 4972 ι’

1668 5098 1781 5158 cuui-
