4184 5904
1618 316 1691 465 65

178 535 414 626 sententiam
438 530 486 616 ab
518 525 780 613 Eruditorum
816 522 959 609 animis
987 521 1225 611 eradendam
1268 500 1456 613 censuit.
1487 532 1588 644 Qo
1612 537 1692 619 mi„
1776 562 1779 567 ·
1824 508 1827 512 ’

180 680 250 740 nus
275 650 406 738 autem
450 670 532 730 rem
563 654 723 730 eatenus
756 651 1003 751 inexpertam
1036 644 1268 755 Sapientum
1299 639 1417 727 scene
1449 662 1542 729 tunc
1578 675 1692 735 conr-

108 841 112 847 ,
177 768 393 864 mitteret,
419 763 623 870 graviores·
642 759 725 846 aliae
751 764 792 844 in
807 783 902 870 quas
928 758 1032 846 ultro
1061 758 1137 847 sese
1166 766 1391 847 coniecerat
1406 787 1506 846 curae
1526 765 1568 846 in
1598 793 1692 850 cau-

175 889 217 977 sa
245 882 386 967 fudere.
419 878 502 962 Vix
520 882 625 963 enirn
654 876 770 964 edito
786 880 1122 978 Sacramentario,
1148 877 1368 964 Leournur
1398 904 1545 964 nomen
1573 904 1691 990 pror-

142 998 147 1005 ’
175 1003 238 1093 sus
263 993 517 1099 inauditum,
548 992 768 1106 titulusque
783 987 932 1078 Codici
956 990 1159 1104 praefixus,
1180 1022 1263 1105 quo
1292 1022 1321 1078 a
1339 995 1512 1084 Saucro
1545 996 1688 1088 Leone

176 1140 417 1204 courecrvs
460 1112 694 1212 dicebatur,
730 1113 787 1193 rei
819 1107 1029 1222 Liturgicae
1059 1138 1105 1196 ac
1137 1107 1391 1194 Bibliothecae
1418 1109 1690 1201 Ecclesiastico

29 1232 32 1237 ’
177 1231 436 1347 peritioribus
461 1233 670 1319 innotuit:
699 1254 792 1311 cum
811 1222 1047 1331 blanchinus
1074 1225 1228 1313 violatu
1255 1224 1424 1309 Critices
1441 1252 1528 1310 reus
1559 1231 1607 1315 ah
1625 1237 1690 1343 ip·

178 1349 226 1437 sss
252 1348 422 1453 dictas,
460 1356 584 1437 immo
614 1346 850 1431 iniuriarum
880 1340 1091 1458 postulatus
1127 1339 1241 1442 fait,
1286 1337 1394 1451 quast
1432 1333 1530 1429 falsb
1550 1346 1692 1434 Sacra·

176 1473 416 1555 mentarium
445 1463 691 1553 sanctissimo
706 1460 890 1547 Pontifici
914 1458 1178 1545 adtribuerit.
1210 1457 1336 1542 Totus
1357 1457 1480 1570 igitur
1505 1466 1547 1551 in
1577 1490 1628 1549 eo
1644 1480 1691 1553 ut

174 1582 255 1672 sese
280 1602 493 1694 purgaret,
520 1583 604 1690 post
632 1575 788 1657 varium
809 1566 1099 1681 multiplexque
1126 1573 1433 1661 sacramentarii
1465 1603 1690 1685 examen„

177 1693 408 1805 crebrasque
434 1696 541 1778 vitro
578 1697 763 1797 citroque
790 1682 1101 1772 consultationes
1126 1686 1177 1775 ad
1207 1690 1415 1799 Sapientes
1431 1721 1502 1805 per
1531 1697 1689 1785 Italiam

176 1819 299 1903 Viros
342 1812 548 1923 (quorum
587 1801 784 1913 responsa.
809 1831 891 1887 non
926 1798 1112 1913 ambigue
1151 1802 1270 1915 capiti
1308 1802 1378 1891 suo
1410 1809 1691 1921 impendebant
1825 1824 1837 1837 ”

174 1934 280 2047 (a))
309 1925 389 2015 alte
417 1924 638 2014 imbibitam
665 1920 718 2004 de
746 1916 927 2007 Romana
954 1919 1162 2004 Laurentii
1190 1918 1319 2031 patrii
1342 1919 1575 2019 sententiam
1603 1951 1690 2018 tur-

180 2048 288 2133 hidis
315 2043 443 2129 adhuc
473 2044 589 2130 rebus
613 2062 802 2152 promere
833 2064 916 2124 non
942 2031 1032 2122 satis
1056 2053 1328 2149 opportunum
1353 2038 1493 2128 duxit.

297 2159 454 2246 Verium
484 2160 552 2246 vbi
581 2146 754 2267 processu
784 2158 1176 2273 temporis-partium
1201 2151 1326 2241 [ludia
1354 2154 1515 2262 sensim,
1545 2180 1592 2251 vt
1622 2164 1688 2264 fit,

175 2270 415 2367 deferbuisse
432 2271 714 2363 animaduertit
738 2278 800 2358 uir
827 2270 1060 2384 evulganda:
1087 2274 1270 2385 opinioni
1297 2300 1414 2384 quarn
1442 2278 1575 2367 animo
1593 2308 1692 2395 prae*

174 2413 333 2508 ceperat
357 2391 633 2479 intentiihntus
663 2416 678 2495 3
718 2392 964 2500 impuneque
987 2389 1066 2471 iam
1109 2389 1130 2471 d
1156 2385 1354 2475 nonnullis
1379 2419 1471 2480 eum
1497 2396 1690 2483 Codicenr

172 2515 441 2601 Leonrauvnr
477 2508 589 2610 dici,
619 2505 743 2593 immo
768 2508 888 2590 etiam
924 2532 974 2588 eo
1004 2507 1163 2591 nomine
1201 2508 1224 2589 h
1257 2505 1472 2619 Liturgicis
1501 2513 1690 2626 appellari

175 2628 261 2739 (vt
289 2626 415 2738 ipsum
442 2623 592 2708 scilicet
620 2620 874 2709 rlGelasrano
893 2620 1205 2735 &Gregoriano
1233 2622 1563 2745 distinguerem:
1593 2651 1692 2717 tunc

177 2740 344 2829 demum
374 2767 488 2825 novar
515 2734 570 2823 illi
598 2791 612 2838 ,
642 2765 759 2849 quam
800 2764 849 2822 ex
878 2736 1197 2826 sacramentario
1224 2741 1401 2829 hauserat
1427 2797 1444 2845 ,
1470 2745 1522 2833 de
1560 2746 1693 2856 patrii

174 2856 409 2944 Sanctitfimr
439 2855 631 2961 Martyris
659 2857 845 2960 opinioni
886 2860 927 2931 in
956 2854 1095 2963 vulgirs
1125 2859 1354 2941 emittenda
1382 2877 1534 2974 ternpus
1562 2856 1690 2949 adesse

171 2978 384 3063 arbitratus
410 2963 513 3053 suit.
545 2968 687 3075 Itaque
711 2993 803 3051 cum
827 2987 933 3048 anno
950 2965 1308 3052 MDCCXXXXI.
1336 2975 1585 3064 Venerabilis
1598 2980 1688 3063 S.R.

168 3093 217 3179 E.
244 3082 472 3176 Cardinalls
500 3078 658 3192 losephi
677 3083 812 3167 Mariae
836 3078 1037 3169 Thomasri
1068 3082 1367 3198 Liturgicorum
1391 3097 1569 3206 Operum
1588 3096 1691 3183 Col·

173 3212 385 3299 teutonem
420 3197 649 3286 adorndliet
675 3251 690 3299 ,
719 3204 825 3286 inter
855 3196 1032 3287 eiusdem
1062 3201 1348 3313 prolegomena
1384 3209 1454 3324 (b)
1486 3229 1691 3301 veterem·
1802 3268 1805 3272 -

174 3324 305 3415 edidit
329 3316 526 3404 codicem
553 3313 794 3403 Orationunr
823 3316 1094 3430 Antiquissimi
1123 3320 1220 3404 ritris
1240 3323 1610 3441 Gothico-Hispani
1641 3359 1691 3416 ex

173 3434 415 3530 Veronensis
445 3432 582 3517 itidem
609 3429 786 3518 Ecclefiae
811 3430 1058 3522 Bibliotheca
1083 3463 1162 3523 uon
1193 3436 1323 3522 multo
1351 3438 1506 3551 pridem
1527 3447 1576 3529 ab
1603 3442 1690 3556 ipso

151 3558 376 3653 erutum,
406 3545 585 3658 notisque
614 3544 877 3652 illustratum,
909 3578 1106 3667 quemque
1133 3552 1229 3641 olim
1268 3556 1318 3638 ad
1341 3557 1694 3656 Tarraconensem,

175 3671 428 3790 cognominis
456 3671 497 3750 in
525 3664 714 3750 citeriore
738 3664 931 3782 Hispania
960 3672 1210 3773 Provinciae,
1239 3671 1444 3760 Ecclesiam
1478 3676 1692 3792 pertinuis-

178 3788 217 3879 se
245 3789 307 3905 (ι)
336 3779 574 3871 contendit.

290 3906 337 3989 ln
365 3931 414 3988 eo
439 3920 571 3990 autem
599 3897 753 3986 Codice
780 3896 832 3985 de
849 3904 1112 3997 Orationibus
1132 3938 1253 4022 agen-s
1283 3938 1368 4022 quae
1394 3911 1493 3999 olim
1524 3918 1569 4000 iu
1590 3919 1688 4006 San·

172 4029 228 4110 dii
250 4022 453 4110 Laurentii
482 4008 594 4097 Missa
623 4034 740 4127 atque
764 4019 933 4119 Officio,
963 4025 1098 4108 Natali
1122 4026 1270 4106 scilicet
1300 4027 1473 4112 eiusdem
1503 4029 1570 4116 die
1598 4044 1687 4125 cani

172 4160 244 4229 aut
275 4140 433 4227 recitari
462 4129 775 4234 consueverant,
807 4136 947 4244 quibus
971 4143 1078 4227 inter
1101 4135 1310 4223 blanchini
1340 4152 1615 4234 annotationes
1640 4182 1686 4239 er
1748 4250 1754 4259 ‚

986 4256 1008 4337 Ῑ
1630 4295 1693 4355 re-

123 4394 127 4400 ·
215 4380 286 4468 (a)
308 4373 623 4448 consultidehac're
647 4370 904 4446 fustem-W·
961 4373 1059 4445 ῑῑθῦῐθ
1087 4372 1691 4464 ‘²¹1¹stsufff²8f⁰rs²sf²m²⁰l²ifum⁴
1813 4446 1817 4453 ·

169 4472 337 4544 caietanus
350 4468 604 4537 MariaMerarus
620 4469 706 4538 cler.
718 4464 905 4554 Rnghca·
962 4469 993 4536 S·
1019 4467 1118 4535 Leoni
1147 4469 1386 4540 abiudicanduur
1415 4477 1593 4559 censuere,
1629 4503 1688 4547 ceu

169 4567 251 4635 riuus
263 4558 412 4634 saeuit.
425 4559 607 4639 Coniirltor‚
619 4558 772 4627 Eusebius
783 4559 902 4625 Amort
959 4582 1018 4625 nos
1034 4562 1127 4628 docet
1149 4560 1267 4629 Comes
1298 4565 1436 4634 Acrmus
1461 4565 1494 4632 in
1527 4574 1688 4656 Drfflrtut·

170 4654 415 4742 Can.Reg·,S.
429 4651 803 4739 SalvatorisPolinganus,
817 4648 899 4719 Lud.
958 4660 1093 4743 Apolog.
1124 4661 1160 4723 dt
1192 4661 1387 4739 Antiquitatt
1418 4655 1456 4728 (Υ
1480 4668 1610 4729 Ausere
1634 4668 1692 4730 Su·
1811 4694 1816 4703 ·

168 4744 547 4825 Antoniuslllluratorius,
559 4748 592 4812 δι
612 4740 723 4812 Rmus.
738 4744 769 4808 P.
786 4739 898 4827 Ioseph
958 4752 1147 4818 cementarii
1171 4750 1316 4814 bacrioni
1336 4751 1430 4821 l’arre
1449 4756 1491 4819 ll·
1511 4763 1541 4829 9.
1560 4756 1634 4820 XII.
1651 4747 1692 4836 (π’,

169 4838 371 4931 Augustinus
393 4831 507 4906 Orfius
529 4831 613 4902 Sacri
633 4832 738 4904 Palatii
764 4833 899 4916 Apoilo-
948 4838 1041 4925 seqq.

168 4931 246 5014 lici,
270 4935 345 5002 dnm
366 4926 428 4995 hac
445 4924 606 4994 scribimus
619 4971 633 5008 ,
654 4921 828 5012 Magister,
845 4922 899 5014 qui
1004 4930 1074 5013 (b)
1099 4930 1137 4992 A
1155 4933 1232 5015 Peg.
1255 4951 1283 4996 r.
1305 4934 1348 4999 ud
1375 4948 1448 5016 136·

22 5092 25 5097 ,
168 5044 276 5094 omncs
299 5022 351 5091 vel
375 5019 466 5087 editis
489 5017 780 5103 lucubrationibus,
806 5017 901 5084 vello
1004 5008 1404 5104 (c)'AnaotariorreXX11.
1416 5042 1494 5116 pag.
1509 5028 1690 5103 CLVan

167 5111 305 5203 privaris
322 5114 362 5186 ed
373 5100 580 5188 Barchinon
600 5107 757 5195 Litteris,
773 5105 905 5183 conl'tu·
952 5114 1014 5202 fiat
1036 5110 1075 5186 (t
1086 5112 1253 5205 scqutrti·
