4184 5904
437 342 509 456 30

432 525 641 647 posteriori
667 526 766 611 verb
794 521 973 612 nondum
1004 518 1133 607 adhuc
1167 519 1424 633 otlogemrio
1453 530 1502 609 vt
1534 519 1753 634 catalogum
1782 520 1943 633 dequo

428 649 579 761 agimus
604 641 847 732 conscribere
876 642 1048 754 potuerit
1078 639 1209 755 (a).
1245 641 1341 724 Hac
1379 668 1468 725 meo
1497 637 1656 754 quidem
1691 641 1842 724 iudicio
1875 634 1941 724 vs·

431 764 613 877 qucadeo
647 772 686 849 in
712 761 882 873 proclivi
907 756 1030 873 posrta
1052 754 1174 859 suot,
1206 775 1251 843 vt
1275 753 1388 873 srquis
1414 785 1460 845 er
1489 754 1842 842 cumTillemoutii
1869 772 1942 845 aut

427 880 759 968 Adversariorum
789 883 1023 966 comesturis
1064 869 1243 963 conserte
1271 928 1286 977 2
1316 874 1465 963 nedum
1497 874 1731 990 postponere
1765 868 1943 975 audeat,

428 1002 609 1112 iniquum
642 994 820 1111 profecto
854 998 977 1111 ipsum
1007 1021 1136 1082 rerum
1162 996 1431 1081 aestimatorem
1460 993 1544 1081 sore
1570 989 1723 1079 necesse
1753 990 1824 1075 fit.

548 1118 701 1201 Verum
728 1117 863 1226 inquit
891 1134 1020 1200 tamen
1058 1110 1353 1197 Terribilinus.
1387 1118 1519 1201 Nemo
1551 1132 1731 1199 veterum
1760 1105 1944 1216 Scripto-

428 1262 517 1321 rum
547 1230 642 1318 antd
669 1229 885 1319 secundum
915 1230 1136 1341 catalogum
1166 1226 1376 1315 Damasum
1406 1229 1625 1345 Hispanum
1654 1226 1789 1315 dixit.
1832 1224 1943 1308 Tan·

429 1376 546 1465 quam
573 1348 624 1436 ad
650 1377 731 1438 rem
748 1342 964 1437 attinuisset
987 1356 1217 1461 quicquam.
1249 1351 1380 1433 Nemo
1409 1376 1547 1434 eorum
1570 1341 1723 1431 Damafi
1750 1348 1871 1430 vitam
1891 1363 1941 1425 err

426 1463 602 1582 professo
627 1467 822 1554 attexuit.
856 1468 1124 1578 Hieronymus
1150 1464 1261 1553 certe
1290 1484 1399 1551 totus
1430 1464 1485 1550 ell
1516 1470 1554 1549 in
1584 1469 1670 1548 eius
1701 1454 1853 1572 scriptis
1883 1483 1945 1541 re-

428 1580 655 1669 censendis.
687 1586 886 1697 Optatus,
920 1582 1114 1683 Rufinus,
1147 1581 1434 1682 Marcellinus,
1463 1580 1717 1692 Symmachus
1743 1572 1861 1660 &alii
1891 1569 1944 1657 de

425 1696 547 1810 ipfius
578 1699 813 1811 potissrmlrm
841 1701 954 1815 gellis
981 1698 1200 1788 tradausre
1229 1752 1242 1800 ,
1273 1695 1395 1813 idque
1428 1700 1626 1786 occasione
1656 1695 1803 1780 Liberii
1834 1693 1943 1778 Pon·

427 1814 595 1902 tificatris
622 1818 663 1899 in
694 1817 771 1933 qud
797 1817 909 1905 sceoal
956 1824 1098 1929 primas
1134 1816 1220 1930 post
1250 1846 1342 1904 euna
1368 1816 1509 1904 contria
1534 1816 1702 1902 Arianos
1732 1804 1942 1896 Damasum

426 1931 601 2020 nostrum
616 1958 744 2045 partes
770 1931 893 2050 egisse
911 1936 1239 2024 ndruntomnes.
1270 1939 1424 2022 Scimus
1450 1958 1636 2048 practerea
1664 1950 1814 2017 veteres
1833 1926 1943 2008 Scri-

426 2071 562 2162 ptores
598 2052 811 2162 prasertim
839 2050 1158 2153 Ecclefiallicos,
1186 2051 1295 2164 quod
1332 2052 1381 2141 ad
1412 2055 1643 2138 Santtorum
1672 2050 1814 2160 patrias
1842 2046 1942 2126 atti·

426 2188 525 2265 net,
556 2168 764 2254 verborum
793 2170 1026 2282 parcissimos
1057 2165 1194 2270 fuisse,
1222 2198 1300 2286 qua
1333 2172 1383 2257 de
1410 2169 1642 2257 reinsertus
1668 2163 1780 2248 nobis
1811 2155 1941 2245 sermo

427 2303 639 2368 recurret.
673 2288 812 2403 Quare
838 2288 939 2370 nihil
969 2288 1112 2374 horum
1142 2318 1271 2399 neque
1300 2290 1488 2374 instituta
1521 2288 1569 2369 ab
1596 2283 1684 2395 ipsas
1708 2275 1947 2390 disputatio·

427 2402 488 2481 nis
523 2405 715 2487 intererat
739 2402 914 2485 Colchus
942 2395 1072 2489 fuisset
1103 2432 1151 2488 an
1180 2401 1367 2511 Assyrius
1393 2398 1609 2500 Damasus,
1640 2395 1791 2479 Thebis
1814 2386 1948 2505 potiris

424 2542 477 2601 an
507 2520 626 2627 Argis
656 2518 903 2605 innutritus.
938 2517 1016 2619 Sed
1047 2520 1177 2604 cedo:
1209 2547 1304 2606 num
1329 2541 1509 2605 veterum
1534 2521 1781 2626 Scriptorum
1808 2507 1947 2622 aliquis

425 2633 637 2718 Damasum
663 2656 871 2749 propterea
898 2632 1129 2719 Romanum
1168 2632 1273 2718 dixit
1304 2636 1319 2714 ἓ
1350 2639 1505 2734 Nunc,
1537 2633 1723 2740 inquiet,
1753 2650 1831 2707 noo
1862 2638 1949 2710 erat

421 2746 486 2835 his
511 2747 645 2835 locus.
675 2750 835 2864 Atqui,
864 2776 1055 2862 reponam
1087 2778 1165 2861 ego
1193 2800 1209 2847 ‚
1237 2776 1366 2860 neque
1391 2768 1434 2831 vt
1465 2745 1592 2857 ipsum
1623 2740 1810 2853 Hispanis
1835 2744 1955 2853 attriq

425 2864 630 2965 buerent3
662 2889 705 2950 vt
733 2863 905 2971 proinde
932 2868 1129 2943 Veterum
1159 2866 1201 2939 io
1238 2866 1312 2942 hac
1342 2877 1457 2968 parte
1498 2857 1697 2945 salentium
1738 2864 1948 2970 ἀμφίβολον

427 2976 560 3093 plan‘e
591 2977 666 3077 stt,
695 3001 825 3087 neque
852 2978 895 3057 in
921 2999 992 3057 nos
1016 2979 1139 3089 magis
1162 2998 1277 3083 quam
1307 2972 1349 3055 in
1378 2971 1624 3061 adversarios
1654 2980 1789 3087 urgeri
1815 2977 1944 3093 possit.

548 3102 633 3181 Nec
659 3086 951 3175 Terribilinum
979 3088 1125 3203 (quod
1143 3088 1227 3175 eius
1250 3118 1344 3202 pace
1370 3087 1576 3209 dixerim)
1605 3090 1695 3178 satis
1724 3098 1948 3211 apartibus

426 3208 595 3299 liberum
609 3209 786 3310 aestimo,
817 3208 953 3319 quide
971 3207 1202 3297 nostratium
1228 3206 1477 3319 Scriptorum
1500 3216 1748 3324 argumentis
1769 3240 1845 3328 pro
1863 3216 1950 3297 Da-

424 3326 518 3413 masa
555 3326 684 3444 patrirl
715 3319 949 3412 sententiani
991 3320 1094 3411 serre
1132 3322 1280 3435 poffit.
1311 3324 1380 3409 Ad
1407 3331 1594 3439 aequiores
1622 3356 1833 3442 provoco.
1867 3329 1949 3414 Sed

426 3438 576 3530 suerint
604 3440 782 3541 casune,
817 3446 1018 3555 quoniam
1042 3446 1098 3528 ita
1124 3441 1371 3530 Terribilino
1395 3443 1522 3533 visum
1541 3444 1644 3545 suit,
1675 3450 1811 3558 paullo
1827 3447 1946 3564 quim

424 3583 487 3645 res
503 3559 674 3673 pollulat
690 3557 918 3646 infirmiora
936 3587 948 3643 :
978 3586 1027 3643 an
1044 3580 1258 3669 propterea
1287 3564 1353 3643 vbi
1379 3556 1720 3673 sesquimillenarii
1738 3564 1828 3650 nati
1847 3588 1954 3676 quae⁴

424 3674 497 3761 slio
527 3678 607 3776 est,
632 3676 878 3783 reprobatio
903 3672 1060 3757 deficiat
1090 3680 1146 3756 ius
1183 3671 1294 3756 illico
1316 3670 1501 3757 defecisse
1517 3676 1666 3761 censeri
1686 3676 1837 3763 debet?
1862 3680 1949 3762 Me·

421 3788 521 3878 liora
550 3819 627 3904 pro
654 3787 694 3869 se
724 3782 989 3873 Terribilinus
1026 3783 1164 3874 afferet
1198 3781 1433 3885 ,scilicet.
1469 3789 1549 3875 Sed
1583 3786 1783 3902 Hispanos
1811 3795 1948 3905 Scrip·

420 3924 555 4005 tores,
587 3919 728 4015 practer
760 3899 916 3989 inlitum
935 3906 1064 3990 Genti
1097 3902 1401 3994 domesticarum
1418 3935 1554 3996 rerum
1583 3910 1835 4019 neglectum,
1866 3908 1949 4025 pri·

419 4030 527 4108 vatis
554 4024 685 4135 potius
716 4019 757 4106 in
793 4019 866 4107 hac
895 4049 937 4110 re
961 4019 1098 4111 studiis
1125 4032 1241 4143 quam
1260 4023 1427 4137 publica
1453 4027 1509 4113 rei
1542 4020 1758 4116 inserviilse
1790 4030 1946 4143 pridem

416 4136 632 4224 dixinms.
678 4138 816 4252 Itaque
855 4137 951 4225 dum
979 4139 1122 4251 srnguli
1154 4140 1391 4256 popularem
1423 4140 1537 4230 suum
1569 4144 1734 4256 pressius
1770 4148 1816 4233 efi
1848 4170 1945 4234 voce

423 4251 614 4371 usurpat&
642 4254 852 4341 Damasum
883 4254 1060 4360 faciunt,
1091 4256 1142 4344 de
1169 4252 1321 4347 summa
1349 4266 1435 4369 rei,
1464 4262 1510 4347 id
1537 4260 1669 4356 eilde
1699 4264 1841 4353 eodem
1870 4264 1949 4347 Hi·

1852 4380 1942 4497 spa·

471 4564 521 4646 [a]
546 4554 865 4643 traamsimonides,
888 4558 1072 4635 Stcsrchorrrs
1087 4562 1156 4635 alii-
1212 4565 1572 4645 BENEDICTVS
1599 4570 1662 4642 PP.
1687 4570 1783 4643 xlv.
1818 4573 1851 4640 in
1875 4578 1946 4643 om:

419 4663 487 4735 ‘1⁸¹0
516 4653 620 4758 Plurff
655 4652 762 4757 (²Rud
792 4652 936 4723 Tullium
964 4664 1000 4728 de
1018 4664 1154 4747 ferreti.)
1212 4660 1299 4729 nium
1320 4664 1394 4733 luce
1425 4666 1585 4739 verseturt
1610 4662 1708 4734 immo
1732 4659 1799 4750 ipse
1823 4662 1861 4734 sit
1883 4668 1942 4733 lux

422 4736 629 4833 ⁰3⁰Se¹¹²l¹¹⁵
657 4764 787 4849 m²¹⁰ff⁸
817 4746 937 4835 egrsgs²
961 4773 1055 4833 opera
1080 4750 1149 4817 eds·
1211 4748 1301 4839 supas
1321 4752 1696 4827 Ecclesrae'candelabrum
1722 4754 1820 4843 pono
1844 4806 1856 4840 ,
1883 4780 1940 4827 ne-

422 4828 521 4915 derc,
545 4856 646 4925 neque
674 4859 726 4904 eos
756 4857 791 4941 ¹¹¹.
815 4836 923 4907 nauta
951 4838 1010 4943 suis
1035 4842 1150 4911 obmu·
1207 4844 1450 4935 dumSupreruae
1469 4846 1939 4937 ioterrisMaicstatisiialgorc‚

419 4919 533 4992 tesccre
560 4926 702 5031 senestus
729 4928 828 4997 secat.
851 4930 913 4999 Sed
936 4934 1013 5022 quad
1032 4934 1072 5001 ad
1095 4960 1149 5004 vc·
1205 4935 1255 5003 scd
1278 4940 1586 5010 luculenriffimomm
1606 4942 1789 5027 scriptorum
1813 4938 1936 5024 radiis,

420 5028 485 5079 tera
507 5012 714 5088 Erhnrcorum
746 5026 895 5108 exempla
925 5022 1146 5111 confugimus!
1205 5030 1257 5095 vel
1281 5027 1314 5095 io
1332 5053 1369 5097 ea
1385 5048 1475 5105 aetate
1491 5032 1595 5123 luteus
1615 5030 1760 5125 omuibus
1786 5035 1840 5127 qui
1866 5031 1935 5119 ing

410 5122 488 5173 carm
500 5102 595 5179 laodic
615 5108 824 5199 Sausiiffinrus
844 5113 1005 5195 Dominus
1025 5114 1145 5193 Noster
1202 5119 1300 5193 domo
1314 5118 1403 5203 sunt·
