4184 5904
579 531 729 645 Saltem
756 522 992 632 Merenda,
1019 524 1117 614 dum
1153 524 1310 640 vulgari
1337 527 1684 647 receptissimeque
1712 531 1764 618 de
1794 529 1967 625 Patris..

458 657 587 742 sandi
616 649 823 734 Laurentii
848 651 1041 758 Martyris
1061 648 1245 756 opinioni
1270 646 1450 734 obsillere
1477 654 1608 762 pergit
1629 647 1894 761 (quamquam
1925 651 1969 732 δε

452 768 582 886 ipsum
613 764 660 852 el
685 768 733 847 in
764 789 807 851 te
838 758 1022 851 nonnihil
1053 760 1213 850 humani
1243 757 1389 876 passum
1414 759 1532 852 soille
1560 760 1783 880 putamus)
1814 762 1974 862 condo,

451 885 664 992 nandumr,
686 906 821 996 neque
848 885 968 994 grat-is
995 875 1038 965 id
1058 874 1197 967 fecisse
1224 877 1417 969 dicendus
1446 879 1535 980 est,
1563 887 1633 994 qui
1667 906 1748 966 non
1776 903 1861 966 rino
1887 906 1973 965 nu·

456 1033 526 1124 per
565 1000 725 1088 decerto
766 996 916 1086 omullo
949 993 1151 1099 ¹Codice,
1190 996 1400 1111 multiplici
1436 1017 1619 1114 praterea
1650 998 1865 1085 ratiocinio
1896 1023 1977 1079 eo·

455 1150 534 1238 que
561 1111 799 1227 inspeciem
830 1112 918 1201 satis
942 1111 1065 1201 -fimo
1093 1111 1328 1204 sententiam
1354 1113 1461 1203 suam
1500 1111 1762 1228 constabilit3
1793 1108 1968 1199 uerum-0

458 1241 538 1326 sine
567 1231 674 1323 notri
705 1229 976 1346 propositione
1007 1251 1077 1320 ant
1106 1223 1399 1349 assumptione,
1427 1256 1548 1320 nouas
1587 1231 1727 1346 easque
1761 1225 1976 1314 diversito-

457 1384 539 1442 nias
564 1355 613 1478 ab
636 1352 822 1439 haetenus
841 1348 1019 1439 deductis
1038 1350 1301 1441 conclusiones
1321 1349 1463 1440 elicere
1491 1347 1617 1454 velle,
1649 1346 1691 1436 id
1720 1345 1815 1437 vero
1832 1348 1983 1461 etquis,

459 1472 565 1576 lito,
592 1478 716 1558 immo
738 1488 929 1562 extreme
954 1469 1176 1561 subtilitatis
1205 1469 1281 1562 eit.

589 1591 701 1677 Prius
727 1592 853 1706 igitur
881 1605 999 1705 quaint
1028 1607 1198 1679 mentem
1227 1619 1354 1680 ineam
1384 1598 1556 1707 aperiam
1585 1595 1639 1680 de
1669 1588 1855 1676 Romano
1891 1580 1974 1665 Pa*

460 1711 531 1792 tris
555 1703 714 1793 Damasi
752 1711 940 1813 itinere,
982 1709 1111 1822 deque
1138 1717 1224 1797 eius
1256 1711 1422 1798 ratione·
1453 1708 1653 1799 edisseram
1686 1765 1702 1814 ,
1746 1731 1829 1820 quo
1867 1693 1979 1782 scili·

445 1843 520 1909 cet
545 1829 659 1934 paolo
689 1822 882 1914 inoffenso
906 1823 1092 1914 Historiae
1118 1826 1240 1932 fide,
1275 1825 1509 1939 servarisque
1544 1824 1595 1913 ad
1629 1850 1802 1941 unguem
1834 1808 1977 1908 Eccle·

446 1937 611 2026 -sellicis
650 1937 841 2050 legibus,
880 1947 1013 2031 immo<
1040 1951 1145 2031 enini
1181 1940 1517 2047 «vermandinse,
1560 1948 1619 2036 vti
1652 1972 1728 2058 ego
1756 1938 1927 2026 arbitror
1955 1977 1974 2025 s

454 2056 622 2142 Romam
640 2086 694 2142 ex
727 2057 916 2170 Hispania
944 2061 1087 2146 ,venire
1169 2063 1316 2148 tuerit:
1351 2060 1545 2149 Veterum
1575 2060 1832 2156 testimonia,
1855 2049 1982 2160 9υὲἰὸ

445 2168 649 2290 sententia
681 2168 946 2285 Hispanorum
974 2177 1103 2265 Dama
1124 2209 1190 2269 um
1218 2177 1286 2264 sibi
1315 2199 1517 2297 tamquam
1549 2179 1785 2295 popularem
1825 2166 1983 2288 adseri-5⁴

444 2288 633 2376 ¹bensium
668 2293 892 2392 innititur,
932 2322 1133 2406 exponere
1166 2320 1437 2407 opportunum
1468 2299 1569 2380 duxi
1589 2358 1608 2377 ,
1642 2297 1742 2376 Eam
1771 2289 1869 2375 veris
1897 2282 1983 2364 Hi·

454 2405 617 2518 spanicae
650 2405 833 2495 Historia
861 2429 1012 2525 partem
1039 2411 1253 2497 Domellici
1278 2414 1523 2521 Scriptores,
1553 2407 1649 2492 dum
1681 2406 1847 2518 privaris
1873 2392 1989 2512 quis·

454 2548 530 2634 que
554 2519 688 2605 studiis
713 2525 832 2633 quim
865 2526 1027 2634 publica
1060 2528 1115 2613 tei
1148 2526 1338 2614 inservire
1372 2526 1550 2624 mavult,
1575 2525 1798 2632 Civemque
1831 2512 1854 2598 s
1852 2544 1946 2598 uum
1962 2554 1982 2605 s.

454 2636 496 2721 id
525 2639 578 2721 est
607 2641 904 2730 Conterrarreum
936 2639 1146 2726 Damasum
1182 2640 1307 2729 facere
1342 2646 1514 2736 nititur,
1533 2639 1754 2750 ,negleoiam
1784 2651 1974 2745 arque)

455 2759 571 2840 mim
604 2752 795 2839 Anastasii
833 2753 1127 2845 Bibliothecarii
1162 2759 1261 2844 'fidei
1294 2753 1567 2837 concreditam
1596 2751 1792 2857 reliquere
1825 2768 1977 2854 51)Γο-

458 2863 554 2954 inde
588 2866 694 2979 quasi
732 2883 799 2945 aut
822 2869 932 2944 tanti
962 2868 1055 2945 Viri
1082 2871 1291 2949 auctoritas
1327 2873 1365 2948 in
1401 2885 1489 2950 tuto
1527 2863 1634 2949 illam
1664 2859 1776 2945 extri
1806 2864 1973 2968 Hyper-

457 2988 688 3066 criticorum
711 2974 805 3061 iouis
831 2971 1072 3074 collocaret,
1102 2999 1170 3062 aur
1188 2979 1459 3087 Pythagorico
1486 2990 1724 3062 etiamnum
1750 2972 1976 3084 fitculovi7

457 3122 671 3187 vetemus.
1804 3158 1807 3163 a

568 3211 746 3297 Caurior
775 3227 903 3298 tamen
928 3213 970 3295 in
996 3241 1045 3299 eo
1065 3204 1227 3298 fuircl
1245 3208 1431 3295 Nioolaus
1450 3211 1651 3300 Antonius
1678 3211 1748 3329 (a)
1763 3266 1778 3310 ,
1795 3213 1833 3292 ii
1866 3205 1973 3327 quasi

459 3359 541 3423 rens
573 3328 657 3444 quo
680 3326 845 3416 tandem
877 3351 1116 3442 perventura
1139 3321 1233 3426 esset
1256 3336 1406 3416 eminus
1422 3327 1670 3440 agnovisset,
1698 3333 1801 3415 viam
1832 3329 1977 3442 dispu-

460 3456 604 3538 tationi
639 3442 998 3558 nostraealiquanto
1023 3441 1138 3530 altilis
1164 3452 1456 3559 praemunivit.
1489 3450 1630 3560 ltaque
1660 3445 1743 3556 post
1769 3444 1848 3529 fato
1876 3472 1981 3530 con·
2012 3467 2015 3472 ’

459 3565 901 3653 vidiosCenturiatores
929 3561 1306 3670 Magdeburgenses,
1328 3573 1401 3670 .qui
1423 3565 1445 3645 a
1466 3564 1618 3653 Platina
1635 3564 1874 3649 Romanum
1904 3558 1977 3646 ali-

458 3686 545 3771 cubi
572 3681 715 3767 fastum
747 3677 954 3760 Damasum
983 3695 1130 3757 temere
1161 3696 1277 3783 atque
1319 3674 1573 3786 impudenter
1598 3675 1832 3764 asseruerant
1852 3679 1971 3793 (b),

460 3803 592 3915 pergit
618 3789 899 3890 sanstissimum
931 3789 1163 3876 Pontificem
1195 3787 1391 3900 Hispania
1415 3793 1550 3877 nollrae
1586 3793 1825 3896 vindicare,
1864 3824 1978 3881 eani-

459 3918 601 4026 quein
629 3935 714 3993 reni
742 3926 879 3994 vetera
903 3904 1022 4018 ipsius
1038 3911 1135 3993 Aila
1159 3905 1346 4018 producit
1369 3937 1419 3993 ex
1437 3910 1522 4003 MS.
1537 3905 1690 3995 Codice
1705 3911 1974 4024 Chartophy·

459 4030 547 4116 lacii
576 4022 739 4112 Bafilicae
765 4024 896 4111 Sancti
923 4026 1063 4129 Petri,
1094 4021 1209 4110 allata
1240 4024 1262 4108 ὲ
1286 4027 1435 4111 Martio
1467 4027 1623 4113 Milesio
1646 4029 1859 4116 Sarazanio
1892 4032 1974 4112 ini·

462 4153 522 4233 tio
548 4145 735 4231 editionis
751 4145 928 4251 Operum
952 4138 1126 4225 eiusdem
1155 4141 1249 4256 (c),
1277 4147 1318 4225 in
1348 4144 1487 4255 quibus
1513 4143 1701 4231 Damasus
1715 4147 1845 4232 Sansli
1867 4148 1972 4231 Lau·

459 4269 577 4349 rentii
602 4259 757 4342 sevire
791 4262 831 4341 &
861 4256 1049 4364 Martyris
1079 4256 1250 4367 primum
1269 4285 1620 4367 commuuione,
1651 4290 1741 4348 niori
1772 4286 1974 4351 HtSPANUs

420 4428 424 4435 ·
460 4368 707 4464 disertissime
734 4368 919 4457 dicitur.
952 4372 1155 4458 Postremo
1183 4396 1317 4461 autem
1348 4379 1528 4462 oninium
1557 4378 1649 4469 loco
1676 4409 1769 4466 cuin
1808 4376 1973 4465 emers-

461 4487 529 4583 lset
557 4491 754 4591 dubium,
784 4483 955 4577 essentne
980 4487 1325 4581 scilicetrniracula
1349 4492 1519 4608 quadam
1530 4492 1735 4601 Damaso,
1764 4522 1814 4582 an
1837 4501 1974 4610 potius

1868 4610 1977 4696 Lau·

408 4841 411 4845 ’
499 4838 555 4917 tu)
575 4802 753 4906 Nic.dnt.
766 4827 852 4899 Bibl.
868 4826 959 4916 Hisp.
974 4843 1036 4900 vet.
1051 4828 1183 4905 Lim-11.
1244 4841 1390 4912 exorsus,
1417 4837 1546 4922 Damaso
1573 4838 1606 4903 ll
1629 4842 1756 4905 anelare
1779 4836 1977 4924 Sprgrruolo,

460 4920 543 5007 Cap.
563 4926 623 4994 vt.
1244 4936 1430 5019 efilgliuelo
1453 4929 1643 4994 d’Anronio·
1668 4924 1891 4999 Eoisvceem
1899 4944 1917 5003 7
1925 4947 1979 5011 30.

504 5019 552 5090 (bl
582 5009 1048 5082 PlarinaDamasumnostruni
1074 5012 1185 5082 disent
1250 5027 1324 5108 Peg·
1350 5037 1402 5086 σα.
1931 5014 1933 5018 ’

456 5093 630 5190 Hispanum
654 5105 750 5188 sarit,
771 5102 1189 5179 hirciusdemnirsnrrerbi'r
1295 5112 1349 5201 (c)
1371 5107 1483 5186 Roma
1520 5118 1652 5198 ioppe
1668 5125 1804 5198 pegma,
1873 5066 1883 5079 Ν
