4184 5904
158 555 313 621 notum
342 527 490 619 exinde
513 533 696 621 Antonio
730 526 783 616 de
819 527 992 618 ineundi
1017 527 1187 617 clericali
1211 528 1355 619 militis
1387 527 1669 646 propositum.»

159 641 420 750 succreuisse,
452 677 581 759 eoque
617 650 729 735 uxori
757 646 981 758 patefacto,
1000 653 1184 762 initoque
1206 652 1314 738 int-er
1343 671 1556 764 utrumque
1585 649 1672 736 ser·

165 764 306 850 vandae
328 765 512 851 rastitatis
536 762 765 880 propofito:
791 767 872 874 (id
895 773 1108 852 etenimex
1134 763 1307 853 Ecclesia
1325 767 1474 851 Latinae
1498 765 1673 877 prescri-

162 900 238 994 pto
270 873 519 965 necessarium
546 887 709 969 omnino
735 879 810 966 fuit
839 884 941 1002 (a))
969 882 1043 967 bac
1068 879 1135 966 sibi
1150 883 1374 971 Antonium
1400 891 1554 969 ratione
1583 881 1673 966 adi-
1709 966 1713 978 ι

159 1015 244 1082 tum
272 995 323 1080 ad
338 998 544 1083 Ecclefiam
571 991 822 1114 praeparasse.
856 997 1063 1087 Damasum
1079 1007 1325 1109 praeteream
1355 1027 1439 1084 eam
1469 1027 1551 1086 rem
1568 1024 1670 1095 ,ceu

160 1117 340 1197 omnium
369 1141 452 1226 quae
490 1114 652 1231 usquam
680 1113 736 1199 illi
769 1115 947 1203 accidere
982 1108 1135 1228 pollent
1168 1115 1419 1230 gratissimam
1450 1169 1465 1215 ,
1491 1111 1672 1199 studiose

108 1300 120 1309 .
156 1221 383 1314 allaborallse
409 1229 541 1317 donec
568 1255 774 1346 parentum
806 1253 899 1318 vota
923 1233 1161 1345 perficeret3
1191 1234 1349 1344 eiusque
1381 1232 1539 1316 tandem
1569 1259 1672 1342 ope·
1735 1256 1742 1266 ·

161 1342 206 1428 ri
232 1343 409 1432 effectum
437 1400 452 1448 2
486 1369 531 1435 vt
555 1355 765 1452 Antonio,
794 1343 901 1463 (qui
929 1349 1095 1460 perinde
1119 1377 1163 1434 ac
1188 1345 1375 1433 Damasus
1405 1347 1446 1429 in
1473 1344 1670 1458 Hispania

161 1461 354 1572 baptizari
386 1470 550 1578 potuit)
580 1464 810 1553 Leuoruus
839 1492 931 1552 uror
963 1468 1091 1579 gradu
1125 1463 1398 1566 decorando,
1427 1462 1666 1576 Excepturis
1733 1544 1738 1553 .

163 1580 315 1662 interea
339 1581 517 1665 officium
544 1589 896 1670 committeretur.
1059 1578 1072 1603 ⁸

276 1692 324 1776 ld
345 1698 396 1780 ne
424 1700 486 1782 cui
512 1695 674 1788 difficile
691 1720 759 1785 aut
790 1702 928 1812 partim
953 1699 1155 1814 probabile
1169 1698 1383 1805 uideatur,
1401 1693 1554 1784 Damafi
1577 1696 1669 1810 pri-

165 1808 277 1895 mirm
302 1816 516 1902 auetoritas
545 1840 665 1929 atque
702 1818 974 1918 existinsatio,
1005 1845 1087 1905 tum
1113 1822 1282 1905 Antonii
1321 1823 1445 1931 patris
1475 1813 1668 1898 industria

161 1927 399 2036 &probitas
429 1984 444 2030 ,
473 1933 646 2019 Ecclestae
677 1935 849 2047 denique
880 1936 927 2020 iis
960 1934 1208 2047 temporibus
1235 1933 1348 2021 status
1382 1923 1667 2041 utilitasque-s

159 2042 442 2132 confideranda
468 2048 586 2137 sunt.
621 2053 686 2135 De
717 2045 883 2135 Damaso
909 2050 1109 2163 explorata
1133 2078 1192 2136 res
1220 2049 1304 2161 est3
1335 2077 1422 2136 cum
1450 2052 1599 2131 etenim
1630 2051 1666 2130 is

154 2161 209 2245 ad
249 2192 395 2248 annum
429 2165 575 2250 Clrrilli
604 2168 852 2253 CCCXXV.
891 2170 1003 2280 (quo
1033 2169 1193 2254 demum
1233 2188 1416 2279 tempore
1445 2161 1550 2270 gella
1586 2163 1666 2246 hee

158 2273 271 2364 soille
300 2286 512 2399 putamus)
542 2280 690 2395 inipso
721 2291 888 2368 invente
912 2285 1038 2383 flore,
1075 2289 1232 2394 pietatis
1257 2286 1524 2391 doetrinaque
1553 2276 1666 2363 laude

158 2391 273 2504 suprai
302 2418 453 2484 atatem
493 2400 707 2485 cumulatus
741 2409 920 2486 omnium
953 2403 991 2484 in
1018 2401 1057 2483 se
1084 2426 1155 2484 ora
1191 2421 1307 2511 atque
1338 2396 1460 2484 studia
1494 2420 1667 2480 conver·

158 2507 294 2596 tillet:
326 2512 516 2599 credibile
545 2515 600 2603 est
624 2544 774 2630 aqua,
804 2545 953 2626 proque
983 2536 1096 2625 patre
1134 2515 1343 2622 pollulauti
1380 2511 1548 2594 Clerum
1586 2513 1666 2593 Po·

158 2624 373 2735 pulumque
400 2630 627 2708 Rornanum
656 2632 824 2707 ruininre
850 2631 1090 2720 obturatos,
1110 2627 1234 2710 immo
1267 2624 1409 2711 bellum
1433 2651 1552 2710 otone
1587 2625 1663 2707 in.»

160 2738 247 2822 eius
278 2735 383 2846 spem
416 2736 553 2850 gratie
578 2737 827 2823 libentissime
851 2737 1089 2824 militaturos
1118 2733 1254 2824 fuisse.

272 2856 454 2934 Antonio
480 2860 750 2963 praetereatis
770 2877 853 2938 tum
869 2911 884 2954 ,
899 2877 942 2937 vt
969 2879 1146 2963 putamus
1158 2859 1525 2968 ,quinquagenario
1543 2849 1665 2943 multa

155 2996 311 3082 quoque
330 2959 480 3051 infuisse
497 2965 694 3055 credenda
709 2967 800 3053 suut
814 3019 828 3067 ,
842 2995 927 3082 quae
954 2967 1188 3053 indullrium
1203 2969 1405 3086 fidumque
1428 2976 1665 3068 ministrum,

159 3080 319 3199 eiusque
346 3112 508 3197 operam
537 3082 716 3171 Ecclefiae
749 3086 983 3171 utilissimam
1012 3083 1096 3169 fore
1126 3097 1435 3195 praenuntiarent
1465 3150 1475 3172 .
1520 3094 1665 3200 Neque

158 3209 263 3286 enim
296 3203 530 3286 rusticanum
573 3231 690 3302 eum,
724 3200 791 3285 seu
819 3201 871 3285 de
897 3203 1010 3314 plebe
1046 3198 1219 3314 aliquem
1245 3208 1468 3292 existimare
1494 3205 1548 3291 fas
1577 3202 1664 3302 elit

52 3400 55 3405 ,
157 3341 337 3406 autnon
370 3317 575 3431 infigniter
604 3324 714 3425 pium
743 3317 993 3430 probumque
1024 3369 1040 3416 ‚
1076 3324 1143 3401 cui
1174 3337 1251 3405 tam
1285 3318 1364 3406 alte
1387 3320 1579 3407 insederit
1614 3315 1665 3403 fr·

161 3432 258 3520 lium
287 3437 337 3519 ab
365 3433 556 3546 Hesperii
585 3429 726 3516 ultimi
757 3433 926 3517 Romam
967 3431 1173 3542 religionis
1206 3433 1320 3520 causti
1358 3435 1543 3523 mittendi
1585 3435 1665 3545 llu-

161 3553 306 3634 dium.
338 3551 452 3635 Rari>
481 3551 558 3635 haec
584 3568 754 3658 tangunt
777 3549 954 3659 vulgares
983 3552 1152 3633 animas.
1185 3552 1424 3638 Prudentius
1446 3577 1664 3665 quoque.)

81 3674 89 3681 ’
162 3665 334 3780 illustres
361 3677 484 3756 demes
516 3671 736 3751 laurentio
775 3662 918 3752 liberos
949 3667 1033 3751 suos
1062 3672 1145 3753 voti
1175 3666 1289 3753 causd
1323 3670 1504 3755 dedicare
1535 3662 1664 3751 solitas

165 3781 272 3871 fuisse
309 3802 594 3871 commemorat
622 3841 631 3861 .
663 3781 817 3867 Verrius
849 3781 876 3867 sr
905 3778 1027 3869 sortes
1070 3780 1236 3872 fortibus
1269 3798 1449 3873 creantur
1481 3837 1496 3885 ,
1539 3808 1666 3891 neque

164 3903 339 3987 imbelles
384 3918 650 4014 progenerant
689 3897 858 4007 aquilam
887 3899 1105 3998 columbe,
1135 3927 1177 3988 vt
1214 3905 1308 3988 olim
1339 3905 1499 3989 canebat
1532 3893 1665 4014 profa-

160 4047 232 4103 nus
249 4019 318 4139 (b)
341 4026 486 4106 Vates:
519 4044 600 4104 uon
627 4011 805 4098 nltimam
827 4015 997 4099 Antonii
1014 4016 1142 4096 Patris
1169 4021 1553 4103 commendationem
1572 4010 1666 4100 fuis-

162 4132 201 4220 se
234 4162 333 4247 puto
363 4188 378 4234 ‚
408 4134 516 4243 quod
546 4129 617 4246 ipss
645 4128 732 4215 talis
762 4127 1000 4242 tantusque,
1026 4126 1150 4237 qualis
1187 4129 1234 4214 eal
1266 4137 1341 4215 iam
1379 4154 1491 4218 utute
1518 4133 1665 4215 Dama-

161 4250 220 4337 sus
250 4272 364 4353 erat,
397 4249 495 4333 filius
513 4240 737 4359 obtigisset.
766 4244 930 4333 Ecclesia
947 4241 1121 4358 denique
1152 4273 1386 4360 quamquam
1420 4276 1471 4357 eo
1507 4266 1664 4362 ternpo-

161 4396 203 4453 re
234 4364 447 4482 trauquilld
488 4393 582 4478 pace
620 4384 742 4476 atque
769 4371 856 4450 otio
891 4357 1135 4470 frueretur,
1182 4393 1262 4450 non
1303 4366 1399 4452 dum
1436 4387 1567 4452 tamen
1600 4392 1664 4451 re·

162 4493 335 4572 centium
368 4481 437 4569 sub
467 4483 714 4570 Maximiano
745 4486 783 4566 &
813 4481 970 4567 Licinio
1000 4477 1209 4566 vulnerum
1250 4485 1449 4589 ¹cicatrices
1483 4483 1693 4567 obdures

161 4625 258 4714 rat3
289 4597 448 4716 prorsus
477 4619 520 4686 ut
547 4595 714 4698 talium,
744 4599 867 4716 qualis
898 4601 1092 4684 Antonius
1123 4622 1238 4703 erat,
1269 4607 1446 4699 virorum
1483 4597 1664 4708 presidiis
1718 4687 1721 4695 1
1759 4628 1762 4633 ·

1565 4744 1667 4802 cou-

201 4906 261 4993 (α)
285 4905 410 4977 concil.
433 4903 631 4977 Eliberrltan·
653 4906 725 4978 Can.
742 4923 885 4977 xxxtrts
945 4903 1105 4980 Conciliat·
1129 4900 1226 4977 Labi.
1244 4867 1434 4981 Vesetscat.
1462 4927 1557 4993 1231·
1580 4899 1665 4969 Tho-

36 5072 44 5089 ·
158 4997 274 5081 &pro
304 5001 368 5068 eius
396 5000 535 5068 Coueilii
565 4995 800 5066 confirmatione
826 5000 884 5066 (ΣΙ.
942 4995 1045 5068 malus.
1069 5005 1106 5067 P.
1135 5024 1161 5066 t·
1183 5006 1237 5069 lib.
1266 5024 1317 5068 rt·
1343 5024 1368 5066 c·
1397 5017 1450 5065 σι.

158 5087 272 5155 nostras
295 5090 387 5158 Peru.
412 5088 597 5159 Mendesius
616 5097 693 5162 Tou·
716 5096 744 5162 Ι.
759 5095 879 5163 Callet?-
984 5093 1034 5182 (b)
1057 5089 1169 5160 Horat.
1185 5098 1280 5169 udat.
1294 5094 1428 5165 tuuV.
1441 5091 1667 5180 puerperus·
