4184 5904
177 582 367 675 --rumque
398 556 749 668 intemperantiam
787 552 995 670 praelibare
1013 554 1245 667 oportuit,
1280 554 1395 668 epuiis
1429 546 1634 667 proinde,
1668 538 1702 636 st
1842 640 1848 652 ,

182 677 287 791 quid
313 671 436 761 dubia
470 671 596 773 luce,
631 671 970 786 lippientibusque
994 675 1119 759 oculis
1148 672 1356 758 subrimari
1381 669 1628 784 contigerit,
1655 660 1703 751 ld

184 790 294 904 quafi
327 785 578 902 perviderint
608 816 682 900 pro
709 787 923 903 explorato
951 787 1237 891 venditantes,
1263 785 1480 898 deceptum
1504 786 1700 873 novitatis

147 905 150 911 ’
184 908 318 997 illicio
335 904 471 1023 vulgtis
487 898 587 989 adse
609 908 796 1006 trahere,
815 910 1133 1019 sapientumque
1157 902 1302 991 'samam
1319 909 1499 1015 aucupari
1527 895 1701 987 student.

187 1026 251 1109 Ex
276 1020 377 1111 serie
400 1049 641 1134 eorumquae
666 1019 827 1107 inseritis
850 1016 1089 1132 disputanda
1115 1019 1141 1104 s
1135 1040 1208 1107 unt
1226 1017 1355 1133 palam
1382 1014 1470 1105 fore
1492 1014 1704 1131 speramur,

189 1168 272 1228 non
298 1142 378 1225 haec
404 1138 427 1225 a
451 1140 565 1226 nobis
589 1138 857 1250 importune,
884 1155 953 1223 aut
981 1158 1023 1224 vt
1051 1144 1184 1224 aerem
1209 1130 1492 1238 verberemus,
1525 1131 1591 1219 sed
1616 1160 1705 1219 our·
1743 1204 1759 1214 .

188 1263 290 1345 nino
315 1253 339 1340 ὲ
365 1281 408 1342 re
439 1255 717 1367 disputationis
745 1254 884 1340 nostrae
914 1253 1020 1341 diua
1044 1248 1123 1340 ‘esse
1152 1275 1168 1355 3
1197 1251 1397 1339 neminem
1429 1270 1562 1339 tamen
1590 1246 1706 1335 lade·

192 1401 238 1461 re
270 1394 337 1461 aut
370 1365 552 1483 sugillare
574 1370 633 1455 ell
657 1374 807 1457 animus
839 1371 911 1488 (a)
942 1437 953 1459 .
985 1369 1105 1456 Nunc
1134 1420 1152 1469 -,
1182 1364 1291 1482 quod
1321 1363 1473 1467 inllat,
1496 1366 1709 1482 antiquum

193 1519 242 1578 ac
267 1510 466 1579 recentem
492 1488 771 1575 controversia
798 1489 941 1576 nostra
966 1491 1110 1579 llatutn
1131 1485 1380 1598 aperiamus.

305 1726 506 1811 Mauntvr
534 1720 630 1811 olim
660 1718 914 1830 Calvinilla,
957 1716 1241 1835 nescioquis,
1269 1712 1718 1813 Lavnnunaneviz·

182 1856 270 1931 ¹tam
297 1846 338 1924 &
355 1842 578 1951 Martyrem
595 1844 894 1928 invictissimum
928 1841 1058 1953 patriai
1076 1839 1310 1953 Romanum
1335 1836 1496 1939 voluit3
1523 1844 1564 1924 in
1586 1864 1709 1953 quent

184 1954 403 2045 Gretserus
431 2014 446 2059 ,
486 1958 576 2069 ipsu
598 1960 957 2045 Heterodoxorum
989 1955 1232 2069 Hospiniani
1264 2006 1280 2052 ,
1306 1953 1515 2052 Fabricii,
1541 1960 1581 2039 dc
1604 1953 1709 2041 alio·

187 2097 277 2157 rum
306 2070 480 2157 eiusdem
500 2078 619 2158 Secta
651 2074 905 2185 popularium
933 2072 1200 2168 tellimuniis,
1228 2063 1606 2158 Manlianaetheseos
1634 2064 1710 2161 fal·

191 2186 346 2273 fitatem
373 2189 584 2273 edocturus
615 2192 819 2276 invehitur
848 2186 950 2305 (b)';
979 2198 1069 2275 eius
1094 2209 1226 2273 tamen
1250 2206 1482 2299 argumenta
1512 2185 1710 2275 nonsatis

189 2301 321 2388 valida
346 2304 558 2416 propositae
584 2310 644 2389 rei
669 2306 926 2391 conficiendae
956 2305 1036 2391 visa
1055 2301 1144 2390 sunt
1169 2298 1432 2388 Bollandianis
1460 2300 1712 2403 Petrinum

192 2420 337 2527 quibus
369 2420 410 2504 id
439 2444 646 2533 acceptum
674 2422 880 2506 retulimus
915 2426 976 2540 (c)
1007 2478 1020 2504 -.
1053 2420 1203 2509 Verbnr
1232 2441 1322 2505 cunr
1352 2420 1472 2504 iidem
1500 2422 1634 2509 Patres
1649 2447 1713 2507 re-

188 2540 347 2622 tionum
376 2557 576 2623 momenta
604 2542 721 2647 que'is
754 2540 923 2623 Manlius
953 2538 1152 2625 nitebatur
1182 2555 1223 2622 vt
1256 2534 1529 2623 Laurentium
1563 2540 1715 2623 Roma·

188 2650 249 2733 nis
283 2652 555 2749 adscriberet,
585 2652 693 2735 aCl.
716 2650 926 2739 Francisco
948 2649 1407 2741 CattillioCordubenli
1439 2656 1532 2741 alibi
1564 2682 1714 2768 expett·-

188 2766 226 2849 sa
257 2769 355 2880 (d),
386 2796 466 2852 non
486 2768 613 2850 multo
640 2768 731 2876 pbll
747 2770 983 2855 exanimare
1011 2770 1063 2857 ad
1080 2773 1271 2857 trutinam
1287 2765 1529 2857 revocassent
1549 2797 1631 2883 ipat
1644 2768 1713 2855 lun

188 2885 245 2965 eis
270 2882 391 2990 digna
423 2877 503 2963 visa
529 2878 648 2974 sunt,
680 2881 733 2960 ne
763 2906 807 2964 vt
836 2906 1161 2992 proponerentur
1189 2886 1351 2994 quidem
1383 2946 1392 2965 .
1437 2892 1503 2973 aid
1533 2892 1713 2979 Vrbem)

191 3000 432 3095 Romanam,
458 2998 688 3106 (inquiunt
719 2993 819 3112 (e))
849 2998 952 3108 qaod
964 3007 1138 3101 attinet,
1169 2994 1287 3113 quast
1299 3006 1346 3085 in
1370 3028 1416 3087 aa
1443 3010 1592 3094 natales
1614 3012 1716 3095 lau·

177 3115 293 3230 serit
327 3118 605 3212 Laurentius,
636 3111 728 3197 odeo
752 3121 856 3197 omni
882 3117 1184 3228 probabilitatis
1195 3116 1329 3231 specie
1362 3123 1524 3223 videtur
1544 3122 1715 3237 'deslitaa'

191 3234 319 3345 opinio
342 3257 431 3345 que
456 3226 526 3318 hoc
556 3223 719 3343 afficit,
746 3251 792 3317 vt
820 3234 866 3319 nd
895 3234 958 3317 ael
974 3241 1136 3347 proponi
1162 3235 1354 3343 quidem,
1383 3240 1520 3327 nedum
1537 3240 1716 3359 repleturi

189 3372 404 3438 mereatur,
1606 3427 1612 3439 .

310 3468 405 3547 Non
423 3460 548 3571 pluris
581 3458 712 3547 secere
731 3464 972 3578 biographiae
1000 3468 1232 3553 Sandiorum
1260 3466 1482 3556 Dictatores
1502 3488 1716 3578 argumen-

193 3594 236 3666 ta
261 3578 401 3693 quibus
427 3580 603 3665 Romani
631 3581 839 3669 Laurentii
869 3580 1019 3672 natales
1044 3586 1307 3691 innituntur,
1338 3585 1460 3701 idque
1488 3581 1619 3673 salutis
1646 3616 1719 3675 an·

1155 3740 1157 3745 ·
1663 3730 1717 3792 no

240 3863 306 3951 (a)
329 3867 535 3959 Quamquam
548 3869 849 3959 Impar-Crithoten
871 3888 927 3937 no-
982 3887 1154 3959 putamur,
1178 3874 1243 3948 alid
1264 3875 1356 3969 quim
1369 3870 1406 3947 ad
1421 3872 1577 3947 Laurentii
1590 3868 1719 3963 patriam

197 3978 269 4024 men
292 3959 380 4047 (qual
400 3983 476 4028 voce
492 3960 632 4027 consului
646 3956 795 4025 botlenus
819 3956 862 4026 vsr
881 3961 925 4026 su·
984 3967 1148 4033 reserenda
1171 3966 1207 4033 stt
1228 4014 1237 4032 .
1260 3970 1316 4037 De
1349 3994 1414 4058 quo
1434 3971 1560 4043 inseritis
1582 3972 1639 4039 crit
1663 3966 1722 4035 dis·

196 4060 293 4128 mue)
315 4050 380 4118 satis
397 4052 508 4118 doceat
531 4050 661 4118 minime
683 4046 746 4115 hacc
769 4070 807 4113 co
830 4051 848 4115 a
873 4072 927 4115 no-
985 4052 1102 4121 screndi
1126 4059 1233 4123 locus·

195 4134 246 4204 bv
273 4138 401 4207 consilio
423 4140 619 4223 dislaelse,
654 4156 688 4209 vr
719 4137 752 4205 in
774 4136 929 4207 Adverla·
1031 4147 1115 4227 (b)
1150 4147 1213 4214 lac·
1239 4144 1409 4223 Grctserue
1443 4148 1517 4218 S.I
1565 4154 1612 4222 De
1639 4158 1723 4240 sistit

195 4224 282 4311 rios,
304 4230 448 4298 doctrind
474 4232 589 4299 scilicet
609 4250 704 4320 atque
725 4230 928 4299 eruditione„
990 4238 1184 4324 Christianam
1215 4242 1285 4309 Lib·
1308 4247 1350 4309 II·
1377 4250 1452 4329 ΟΨ.
1478 4248 1534 4312 IX·
1553 4249 1613 4329 sel.
1646 4254 1721 4335 34⁸·

193 4319 367 4402 praestatuta
389 4322 509 4403 Viros,
534 4324 600 4390 vllo
621 4320 717 4408 pacto
740 4322 928 4391 reserantur:
986 4348 1039 4409 ap.
1061 4326 1207 4395 bolland.
1226 4336 1264 4397 Χ.
1283 4338 1413 4419 Aragast·
1432 4347 1461 4415 §-
1476 4340 1515 4401 Χ.
1529 4340 1567 4404 de
1582 4338 1722 4407 Patria-0

193 4410 282 4475 dero
294 4413 494 4480 nihilominus
508 4410 657 4486 latiores
675 4410 797 4483 rursum
809 4458 821 4495 ,
836 4434 928 4498 aper·
987 4424 1021 4489 S·
1044 4421 1205 4492 Laurentii
1228 4446 1257 4489 a.
1282 4446 1357 4491 rnr-

194 4500 315 4590 riul'que
345 4503 479 4571 monitor
501 4506 676 4587 volumus,
709 4504 804 4593 idque
826 4508 928 4591 pelam
1032 4508 1110 4595 (c)
1131 4513 1164 4581 Ρ.
1188 4510 1276 4579 Ioan.
1298 4514 1411 4587 niniae
1442 4520 1505 4588 loco
1516 4521 1652 4607 proxime*
1675 4520 1723 4585 al·

191 4594 401 4671 obtestamur,
425 4595 523 4663 immo
534 4596 588 4665 Cl.
600 4594 833 4679 Blanchinum,
856 4597 926 4686 qui,
985 4604 1086 4685 legato
1101 4636 1111 4661 ι

193 4698 233 4785 vt·
254 4708 326 4751 mox
342 4686 478 4753 dicemus
490 4732 502 4769 ,
516 4707 627 4755 novam
639 4691 678 4756 de
690 4684 851 4754 Laurentii
875 4712 928 4773 pa·
1031 4693 1101 4767 (d)
1127 4688 1165 4761 ln
1185 4691 1299 4779 Opere
1317 4693 1369 4764 cui
1389 4695 1501 4767 titulus
1526 4726 1533 4767 :
1568 4710 1722 4772 Certamen

188 4773 251 4845 ,arri
274 4774 450 4860 opinionem
481 4779 597 4863 primus
620 4776 811 4866 evulgavit,
835 4798 929 4847 notu
988 4786 1156 4871 historicam
1175 4806 1233 4873 pro
1248 4790 1361 4873 putri&
1379 4800 1413 4863 S·
1436 4796 1596 4863 tauream·
1617 4836 1626 4855 ·
1648 4802 1724 4865 Cvr-

188 4864 255 4931 levi
268 4867 384 4954 ,aliquo
407 4870 606 4937 lundamemo
626 4891 659 4939 vt
680 4874 719 4936 ab
743 4870 871 4957 antiqua
895 4876 929 4941 δι
988 4880 1076 4943 date
1103 4896 1200 4961 1673·

187 4960 344 5061 communi
372 4960 517 5025 sententia
536 4962 732 5043 discederet,
756 4961 806 5028 l'cd
825 4980 929 5029 vetere
1033 4976 1099 5045 (c)
1136 4971 1170 5036 P·
1192 4966 1300 5035 Pint'ur
1325 4977 1365 5038 X.
1386 4979 1517 5061 Augusti
1539 4983 1568 5052 s·
1595 4980 1651 5045 XI·
1677 4978 1725 5043 De

187 5065 286 5146 eaque
309 5048 341 5111 in
371 5049 504 5132 speciem
533 5051 719 5136 aperuffint
744 5052 929 5133 auclorirate
986 5063 1049 5126 loca
1072 5060 1239 5145 Hispania
1265 5068 1295 5135 ia
1319 5088 1378 5151 qua
1405 5073 1586 5139 Laurentius
1600 5076 1724 5156 suerit·

190 5154 297 5207 nanum
319 5138 409 5213 tuille
427 5186 439 5224 ‚
460 5152 682 5234 aguolcrmuse
713 5148 788 5233 luit
810 5166 870 5230 ee,
896 5164 930 5217 vr
987 5152 1090 5225 avan.
1124 5172 1200 5221 arv·
