4184 5904
284 340 405 453 '160

287 586 400 664 mus3
428 555 455 642 si
484 562 617 664 vero,
648 572 692 647 vt
720 557 761 644 in
788 551 958 646 secunda
988 565 1355 678 interpretatione,
1386 576 1508 666 verbe
1536 582 1679 678 iliade
1709 619 1829 680 mar,

287 682 387 790 tyrii
413 675 501 763 loco
537 674 840 785 intelligimus,
877 699 972 764 tunc
1015 685 1257 796 consequens
1285 694 1472 802 proxime
1509 728 1693 810 comma,
1721 740 1819 823 qrro

284 803 368 887 Deo
394 797 570 885 dicatum
602 822 739 883 munus
768 796 1001 884 Laurentius
1029 799 1181 886 dicitur
1208 857 1224 904 ,
1253 807 1304 892 ad
1331 813 1526 903 Divinum
1560 823 1711 911 cultum
1743 835 1815 914 cui

282 920 328 1000 in
359 915 542 1002 Levitico
581 909 705 1024 gradu
746 906 964 1108 {perialitcr
992 910 1170 1004 addictus
1207 942 1336 1031 erat,
1379 953 1448 1015 aut
1480 939 1530 1022 ad
1562 942 1822 1053 virginitatis

282 1050 468 1131 vorum,
512 1029 573 1117 tel
600 1026 680 1131 alib
707 1053 747 1110 re
768 1052 956 1130 eremus,
994 1028 1044 1116 n⁸e
1071 1031 1218 1126 scilicet
1248 1039 1311 1126 bis
1337 1047 1505 1138 eandem
1534 1053 1816 1153 sententiam,

281 1147 434 1238 ibidem
464 1143 652 1233 inculcari
678 1136 912 1231 asseramus.
1691 1196 1694 1201 ·
1804 1167 1816 1180 ⁴

404 1264 645 1353 Postremam
680 1281 812 1398 autem
849 1263 948 1350 hanc
976 1269 1138 1361 secundi
1160 1287 1370 1375 commatis
1397 1295 1817 1412 interpretationem,

279 1385 338 1476 arie
371 1389 459 1498 quis
495 1409 582 1467 eam
622 1394 743 1514 grates
775 1378 799 1464 d
826 1381 941 1514 nobis
964 1389 1172 1481 coniit‘tam
1193 1401 1450 1512 arbitretur,
1488 1408 1585 1523 ipsos
1612 1417 1814 1508 Biancbi-

280 1533 381 1595 ntuu
397 1561 412 1609 ‚
428 1504 466 1586 &
480 1503 750 1632 Muratotrum
775 1498 929 1610 pridem
950 1506 1191 1616 amplexator
1216 1513 1357 1623 fuisse,
1374 1553 1423 1611 ex
1448 1557 1497 1616 eo
1514 1529 1608 1616 mihi
1623 1534 1807 1634 videtur,

281 1621 396 1738 quod
430 1641 595 1732 sterque
619 1642 707 1701 cum
725 1640 767 1699 tn
790 1618 1091 1709 Sacramentarii
1116 1630 1308 1722 Leoniani
1337 1662 1446 1729 textu
1472 1643 1688 1760 legeretur:
1718 1655 1807 1738 Sa-

281 1772 350 1834 cer
379 1735 554 1854 minister
583 1732 639 1832 δ’
663 1732 836 1867 dicatum
867 1745 1104 1831 nominituo
1128 1772 1265 1839 manus
1291 1753 1596 1879 estproprium,
1626 1770 1818 1854 coniun··

283 1867 427 1945 divam
448 1849 678 1969 particulam
709 1855 961 1960 reiicrentes,
993 1885 1144 1974 proque
1171 1868 1228 1967 ἀι
1254 1876 1453 1979 dicatum,
1482 1879 1705 1974 dedicatum
1735 1913 1811 1979 re,

283 1977 491 2062 iiituentes
521 1971 614 2086 (a):
650 1991 697 2053 ert
727 1971 821 2055 bina
848 1978 1116 2087 quapridem
1145 1980 1309 2093 fuerat,
1343 1993 1559 2109 simplicem
1589 2055 1605 2101 ,
1635 2004 1809 2090 bimem-

280 2095 394 2182 brem
423 2116 558 2179 tamen
588 2090 907 2175 enuntiationem
936 2088 1101 2203 fecdre,
1131 2103 1168 2184 in
1196 2111 1301 2193 cuius
1330 2113 1538 2221 posteriori
1563 2139 1708 2229 parte,
1740 2124 1814 2204 ni-

282 2209 342 2297 hii
376 2211 443 2295 nisi
474 2211 615 2318 prioris
646 2207 862 2318 explicatio
892 2214 1177 2320 contineatur,
1205 2223 1308 2335 quasi
1334 2230 1546 2321 dicerent:
1578 2239 1699 2326 Sacer
1724 2241 1814 2320 mi·

282 2327 430 2446 nister,
458 2326 673 2417 dedicatum
703 2318 849 2415 scilicet
879 2331 1042 2416 Nemini
1067 2335 1142 2420 Tuo
1170 2365 1307 2427 mutas
1330 2345 1382 2460 est
1394 2357 1636 2464 praevium.
1807 2328 1815 2342 ’

404 2446 507 2562 Sed!
525 2472 650 2557 neque
676 2439 740 2525 hic
770 2445 883 2529 nobis
904 2441 1106 2530 consistere
1143 2474 1214 2556 pes
1242 2454 1498 2548 Biancbinunr
1524 2516 1539 2563 ,
1569 2471 1610 2548 &
1635 2470 1820 2555 Meceni

286 2565 377 2653 dam
408 2563 544 2663 licet,¹
563 2558 628 2646 sed
664 2558 740 2646 alit
773 2567 927 2648 ratione
967 2558 1238 2671 Hispanorum
1265 2573 1451 2680 opinioni
1492 2586 1691 2669 contraire
1723 2570 1820 2670 li'u-·

281 2673 410 2773 dent.
440 2680 481 2764 Si
507 2685 643 2779 enim,
675 2684 893 2794 inquiunt,
922 2673 1196 2764 Veronensem
1224 2683 1403 2777 codicem
1440 2699 1482 2784 in
1512 2727 1596 2812 quo
1625 2701 1818 2785 Lauren-

282 2809 333 2891 tii
362 2804 594 2888 contestatio
621 2805 818 2913 reperitur
845 2795 983 2885 saeculo
1012 2800 1088 2880 ianr
1115 2805 1255 2888 ottavo
1282 2804 1471 2922 scriptum
1497 2809 1609 2901 fuisse
1634 2817 1681 2902 ab
1710 2813 1816 2900 His*

283 2919 397 3034 panis
426 2922 696 3013 conceditur,
727 2915 798 3001 etsr
840 2945 912 3002 nos
940 2923 1092 3002 interea
1114 2920 1239 3025 gratis
1263 2922 1318 3002 eis
1342 2926 1567 3012 dederimus
1590 2933 1634 3012 id
1659 2932 1806 3014 Sacra-

282 3042 519 3124 mentarium
561 3034 584 3116 d
615 3033 758 3113 Sentio
788 3032 921 3118 Leone
953 3030 1212 3144 composttttttt
1236 3060 1316 3117 non
1344 3033 1486 3142 iuiffe,
1515 3043 1700 3128 babemus
1723 3039 1812 3130 sab-

281 3178 364 3244 eem
389 3179 463 3264 pro
492 3151 603 3234 nobis
634 3151 834 3256 antiquius
864 3151 1132 3237 testimonium
1156 3174 1234 3260 prae
1269 3151 1314 3234 iis
1350 3156 1490 3267 quibus
1517 3155 1687 3270 Hispani
1711 3162 1811 3248 Au-

282 3280 409 3358 ctores
435 3269 690 3364 innituntur,
718 3281 837 3375 atque
853 3268 954 3354 adeo
978 3269 1100 3378 longe
1128 3261 1291 3352 validius
1306 3294 1611 3383 argumentum.
1640 3277 1693 3361 Et
1711 3282 1813 3388 qui-

281 3388 373 3473 dem
404 3382 459 3484 st,
489 3380 628 3472 omissi
659 3386 809 3466 interea
838 3383 1110 3494 disputatione
1143 3383 1195 3468 de
1226 3390 1466 3499 antiquitate
1490 3394 1803 3481 Sacramentarii

280 3500 521 3593 Veronensis
552 3499 691 3613 (b),
727 3524 820 3582 vera
846 3495 922 3586 esse
950 3498 1129 3586 volumus
1153 3526 1236 3612 qua
1261 3504 1364 3589 circi
1396 3527 1554 3597 aetatem
1594 3509 1753 3596 codicis
1782 3514 1810 3594 a

279 3627 499 3710 bianchino
539 3625 643 3706 eruti
686 3615 756 3703 sub
791 3615 903 3706 huius
932 3622 1072 3728 capitis
1118 3621 1280 3700 initium
1324 3625 1347 3704 d
1381 3627 1494 3710 nobis
1533 3624 1639 3715 dicta
1681 3625 1806 3713 sunt:

279 3741 475 3862 ,djgjmm
510 3733 693 3850 profecti
722 3754 766 3823 vt
794 3737 1047 3849 agnoscamus
1084 3729 1242 3844 integro
1282 3741 1494 3825 minimum
1526 3741 1664 3830 saeculo
1691 3747 1808 3830 anti·

281 3868 462 3970 quiorem
500 3883 595 3940 eum
629 3854 810 3939 codicem
842 3849 963 3950 effe,
1004 3842 1125 3966 quint
1155 3846 1248 3933 Ado
1283 3879 1330 3935 ert
1360 3855 1474 3941 cuius
1505 3858 1806 3974 Martyroiogio

278 3974 438 4088 pressius
468 3999 541 4083 pro
571 3966 699 4056 nostra
726 3968 921 4058 sententia
946 3967 1215 4053 testimonium
1249 3979 1420 4058 mutuati
1449 3970 1605 4059 sumus.

415 4087 562 4176 Vetism
599 4116 721 4186 cum,
750 4089 900 4174 etiamst
936 4079 1072 4200 seculo
1096 4088 1236 4170 ottavo
1262 4083 1585 4176 Blanchinianum
1617 4093 1808 4182 codicem

279 4207 471 4330 scriptum
497 4195 609 4295 fuisse
634 4204 873 4304 asseramus,
902 4210 987 4293 eius
1016 4203 1283 4293 testimonium
1319 4202 1371 4292 de
1398 4204 1608 4296 Laurentii
1633 4211 1807 4301 civitate

1738 4352 1811 4418 aut

323 4451 383 4536 (a)
408 4450 574 4520 Biancbin.
596 4457 673 4522 Terra
696 4456 759 4520 IV·
773 4450 915 4538 Anastafi
928 4453 1006 4542 Peg·
1069 4464 1103 4521 vt
1130 4443 1238 4514 seculo
1265 4445 1328 4517 iam
1356 4445 1469 4538 quinto
1499 4449 1809 4520 sacramentarium„

277 4549 463 4614 XXXVIII.
502 4546 562 4611 Pro
587 4541 626 4615 (r
647 4546 778 4609 dicatum
803 4541 872 4627 lege
892 4545 1027 4612 dedicta.
1068 4536 1248 4610 consediunt
1265 4536 1351 4607 sttiffe
1379 4541 1585 4620 existiment5
1612 4542 1679 4609 iitnt
1699 4562 1810 4611 tamen

277 4657 371 4706 trien·
407 4633 599 4704 Muratoriur
623 4629 745 4714 inipso
775 4645 863 4698 textu
886 4629 1007 4700 edidit:
1069 4626 1194 4700 forratis
1230 4629 1261 4696 in
1281 4629 1349 4716 ipso
1369 4634 1458 4716 plura
1482 4632 1683 4722 sequentibus
1710 4633 1818 4702 [των

278 4735 368 4799 ‚sacer
389 4737 516 4815 minister
528 4774 546 4809 ,
564 4730 731 4794 dedicatum
751 4729 859 4791 nomini
879 4725 1006 4792 terete.
1069 4724 1110 4792 lis
1133 4718 1255 4787 adicite
1280 4744 1347 4809 quae
1365 4723 1443 4790 alibi
1468 4727 1487 4794 i
1509 4724 1596 4792 nobis
1616 4723 1811 4803 indicantum

280 4825 358 4887 Tam·
385 4823 411 4885 Ι.
437 4825 559 4905 Lirutg·
583 4826 672 4889 Rom·
698 4821 773 4881 Vct·
797 4819 853 4880 cti·
885 4824 960 4896 398·
1071 4830 1178 4902 prater
1200 4835 1367 4881 commune
1391 4811 1618 4903 Liturgicortrm
1645 4815 1809 4886 Codicum

334 4905 416 4992 (b)
458 4907 516 4975 De
549 4909 605 4974 boc
646 4921 823 4991 argumento
858 4905 1009 4990 pridem-s
1068 4903 1224 4996 ingenium
1256 4903 1341 4971 noris
1374 4905 1581 4977 additionibus
1604 4926 1710 4993 patens
1733 4955 1744 4990 ,
1771 4924 1811 4975 vt

278 4998 365 5079 cedre
400 4997 478 5064 CC.
507 5000 584 5068 VV,.
614 4997 788 5073 Meratos,
817 4993 1006 5075 Amortius,
1068 5001 1101 5065 in
1122 4995 1238 5065 crateris
1259 4992 1396 5063 eiusdem
1418 4999 1594 5086 argumenti
1615 4997 1814 5090 Libtiepas-

276 5080 473 5158 Mercatoriua
486 5136 498 5168 ,
522 5088 689 5167 Geranios,
713 5080 823 5153 Orsrus
835 5131 846 5166 ,
871 5090 904 5154 &
930 5085 982 5155 aiii
995 5133 1007 5167 ,
1070 5088 1130 5159 sam
1152 5086 1273 5182 (adiurit
1295 5086 1465 5183 ridemus.

277 5201 411 5271 quotum
439 5179 585 5255 sententia
625 5185 663 5250 cb
693 5175 832 5263 recidere
859 5178 1011 5261 ridetur,
