4184 5904
1588 324 1656 438 31

158 496 301 616 spania
321 493 541 618 gineratim
557 494 792 605 asserendoj
820 493 932 613 quod
959 490 1071 581 extri
1099 502 1400 593 controversiam
1425 506 1468 596 id
1498 506 1666 625 pofitnm

153 638 383 736 putarent,
410 648 492 719 non
519 640 567 709 vt
590 619 800 736 oportebat
830 614 986 701 solliciti
1017 617 1186 703 universi
1214 613 1351 711 fudre.

284 737 446 824 Privata
475 757 606 827 autem
632 731 802 852 ipsorum
829 731 1074 820 concertatio
1113 732 1164 819 de
1192 738 1292 823 vrbe
1329 741 1370 825 in
1404 771 1482 860 qua
1520 747 1668 838 natales

155 849 330 944 hauserit
358 852 580 960 Damasus,
617 852 728 967 quod
766 852 1000 968 postremum
1041 849 1082 934 in
1121 879 1191 939 nos
1217 855 1480 946 Terribilinus
1523 881 1668 974 terget,

157 973 257 1058 dum
282 972 348 1058 alii
363 974 611 1075 Matritum,
639 972 708 1058 alii
725 975 981 1058 Vimaranum
1002 986 1071 1054 aut
1086 966 1382 1080 Igeditaniam,
1411 975 1480 1065 alii
1506 976 1668 1071 demum

162 1092 430 1177 Tarraconem
464 1118 550 1177 eam
575 1087 696 1175 fuisse
720 1090 862 1203 putant'
891 1082 1070 1198 (addere
1110 1083 1268 1195 insuper
1291 1091 1552 1185 Terribilinus
1578 1091 1668 1211 pos·

157 1204 216 1292 set
243 1205 437 1297 Occiduas
459 1207 593 1295 Gades
623 1204 694 1324 (a)
721 1208 1013 1318 Saguntumque
1041 1199 1120 1286 fide
1159 1202 1350 1315 inclytam
1380 1204 1451 1321 (b)
1480 1208 1530 1297 ad
1560 1214 1671 1302 duo-

157 1321 358 1412 decimum
381 1323 605 1415 evalescit
634 1320 764 1410 nollri
787 1319 988 1434 lapidem,
1017 1322 1242 1408 Menandro
1258 1348 1360 1409 nunc
1379 1325 1578 1440 indigenis
1597 1359 1674 1444 apg

157 1437 415 1554 pellatam:
462 1449 619 1556 privata
664 1445 706 1526 in
740 1467 828 1526 uam
861 1436 1128 1551 Hispanorum
1173 1438 1245 1522 hac
1270 1434 1323 1527 de
1356 1466 1399 1524 re
1425 1452 1671 1534 concertatio

158 1585 230 1644 nec
260 1558 423 1670 publica
451 1588 623 1675 nuquam
666 1470 842 1672 ipsorum
880 1554 1000 1641 causa
1027 1554 1184 1641 officere
1213 1604 1228 1655 ,
1270 1582 1403 1672 neque
1430 1556 1515 1646 vllo
1543 1563 1669 1649 modo

157 1672 443 1765 Terribilinum
477 1684 619 1768 iurare
646 1673 801 1789 potest.
832 1675 901 1758 An
931 1697 1059 1782 ergo,
1089 1670 1203 1786 qubd
1236 1668 1288 1757 de
1315 1675 1480 1762 Homeri
1506 1686 1671 1789 patria,

152 1790 305 1904 septem
330 1792 429 1882 olim
452 1792 751 1884 celebratissimae
774 1793 904 1878 Vrbes
935 1788 1046 1878 tanti
1071 1793 1293 1873 animorum
1313 1796 1569 1878 contentione
1586 1791 1671 1883 dis·

151 1914 423 2022 putaverint,
463 1914 541 2001 erit
573 1933 788 2027 propterea
814 1916 883 2021 qui
919 1907 1065 1992 Graecis
1094 1932 1184 1990 eum
1219 1904 1523 1994 abiudicandum
1554 1962 1568 2011 ‚
1597 1927 1671 1999 aut

154 2027 318 2113 Graeciae
351 2031 541 2119 vniversa
583 2022 635 2115 de
662 2058 712 2116 eo
743 2042 980 2135 argumento
1011 2021 1125 2108 litem
1168 2023 1439 2113 intentandam
1480 2025 1671 2135 censenti

153 2142 290 2253 Atque
318 2146 398 2228 haec
422 2147 470 2232 ad
501 2143 733 2231 Terribilini
762 2146 942 2229 obiecta.
1083 2142 1088 2149 ’
1562 2168 1566 2175 ·

262 2260 468 2348 fortiores
507 2258 686 2374 profecto
724 2256 886 2347 suntin
924 2258 1094 2370 speciem
1135 2252 1267 2342 saltem
1297 2257 1546 2346 Tillemonrii
1577 2260 1670 2379 (c)

149 2378 386 2460 conietturae
416 2403 511 2491 quas
539 2382 581 2462 in
615 2404 686 2462 nos
719 2376 911 2463 Merenda
939 2382 1085 2485 regerit
1118 2373 1213 2567 (de
1241 2434 1250 2457 .
1284 2379 1393 2462 Cum
1419 2379 1570 2464 etenim
1598 2406 1672 2461 ne-

150 2489 247 2577 dum'
274 2493 494 2598 Damasus,
525 2490 589 2578 sed
622 2494 661 2576 8(
677 2523 818 2606 parens
845 2500 926 2578 eius
952 2494 1155 2575 Antonius
1214 2500 1354 2576 enoris
1380 2497 1422 2575 in
1455 2498 1562 2577 Vrbe
1584 2522 1672 2579 mu·

150 2631 223 2688 nus
249 2606 511 2710 exercuissem
547 2609 822 2714 posteriorque
850 2608 917 2685 ilie
950 2611 988 2683 in
1015 2601 1172 2685 Basilici
1194 2605 1338 2686 sanato
1365 2606 1586 2693 Laurentio
1609 2608 1691 2709 sar

149 2720 247 2820 cri,
278 2744 365 2828 qua
382 2746 480 2803 nunc
505 2727 550 2802 in
567 2718 739 2832 Damaso
756 2714 998 2829 appellatur,
1027 2744 1099 2827 per
1123 2719 1551 2808 ontnesEccleliallicos
1579 2750 1672 2836 gra«
1732 2766 1757 2775 -

150 2833 221 2919 diu
253 2832 303 2915 ad
342 2831 622 2915 Sacerdotium
648 2835 930 2941 pervenisset,
958 2858 1030 2909 ceu
1062 2832 1143 2938 ipse
1172 2861 1242 2914 nos
1270 2835 1454 2920 Damasus
1497 2840 1670 2941 docuit3

153 2954 386 3038 Lettnratus
410 2966 540 3031 autem
577 2972 626 3039 en
656 2972 796 3031 eorum
827 2968 1053 3054 temporum
1086 2940 1294 3056 disciplina
1321 2957 1453 3058 pneris
1480 2959 1672 3039 commit-

153 3083 303 3157 teretur
335 3089 347 3146 :
379 3063 485 3148 elicit
522 3059 615 3147 inde
640 3060 921 3147 Tillemontius
950 3087 1034 3145 non
1066 3055 1172 3146 secus
1203 3062 1356 3150 Damasi
1393 3087 1577 3180 patrem,
1606 3086 1671 3156 at-

157 3211 238 3299 que
275 3178 357 3296 ipse
382 3176 568 3263 Damasus
586 3178 732 3264 *anae
770 3180 978 3293 pueritiam
1008 3176 1277 3288 transegisse.
1313 3184 1396 3266 lam
1421 3188 1550 3291 vero,
1581 3210 1671 3299 per·

97 3396 109 3427 l
158 3307 252 3414 git,
291 3304 358 3386 vix
387 3292 620 3402 credibile,
651 3293 787 3383 saltem
824 3296 966 3411 parum
998 3291 1219 3383 verosimile
1248 3293 1296 3383 fit
1326 3299 1481 3387 Damasi
1512 3325 1667 3413 patrem

1577 3426 1671 3533 pri}

200 3610 254 3707 [ι]
270 3612 348 3688 Vid.
360 3615 472 3703 Ioseph
486 3614 588 3686 Maria
600 3614 760 3686 Suarczius
771 3612 884 3687 Gallus
942 3613 1032 3683 &eur
1042 3658 1055 3695 ,
1078 3617 1216 3698 Dicere,
1240 3612 1279 3688 (a
1294 3623 1400 3690 Preme
1415 3622 1487 3690 rans
1505 3622 1673 3707 Pagasas
1699 3684 1705 3693 .

154 3702 333 3794 Episcopus
343 3707 421 3776 olim
433 3704 624 3779 Vafionensrr
635 3707 885 3796 ap.Nicol·An·
940 3712 976 3776 de
998 3712 1074 3779 Sene
1097 3708 1232 3779 Lauren
1263 3715 1396 3781 dReme
1423 3753 1432 3773 .
1465 3708 1670 3778 Tillemont.

156 3796 275 3867 renium
296 3844 306 3862 ·
330 3805 400 3870 Lib·
425 3805 467 3869 li.
482 3805 628 3873 nibmm.
650 3806 800 3890 Hrspunae
817 3809 883 3875 Ve·
939 3804 1101 3868 Memoirer
1116 3816 1197 3886 poue
1214 3803 1317 3886 servir
1343 3805 1389 3868 el’
1408 3808 1540 3887 fflstnire
1564 3809 1669 3872 Eccle-

154 3896 248 3961 teris·
271 3896 344 3980 Cep.
369 3897 429 3965 VI·
933 3894 1102 3977 iustique·
1138 3897 1216 3960 Tem·
1242 3896 1336 3965 Vlll·
1360 3896 1420 3959 Ed·
1444 3901 1573 3965 Venere
1589 3912 1669 3983 png.

199 3973 249 4070 [b]
272 3979 483 4054 bernardinus
513 3985 545 4052 S·
565 3979 612 4053 R.
635 3979 676 4052 E·
705 3978 882 4051 Cardiualis
942 3990 1017 4062 386.

154 4065 351 4140 Carnaialius
373 4082 405 4156 in
431 4084 563 4146 erutione
585 4079 627 4143 ed
643 4077 883 4143 Alexandrum-e
1006 4071 1038 4137 ΙΙ
1048 4093 1075 4157 y
1094 4074 1113 4136 d
1135 4090 1221 4136 meme
1233 4086 1297 4154 peu
1318 4076 1513 4155 d’appnrenee
1530 4097 1588 4160 que
1607 4081 1670 4146 lc.»

154 4166 222 4231 PF·
245 4169 307 4233 VI·
326 4162 435 4232 habim
454 4171 573 4237 XXIII·
607 4170 787 4237 Novembris
811 4170 882 4234 anni
932 4174 1008 4247 pere
1026 4165 1063 4231 de
1081 4168 1114 4235 S·
1133 4162 1263 4249 Damasi
1278 4160 1335 4244 fen
1356 4182 1433 4229 nenn
1451 4168 1623 4252 d²Espagse
1650 4173 1669 4233 d

154 4258 405 4324 MCCCCXCII·
437 4254 530 4323 Vnde
558 4258 593 4325 δι
610 4254 735 4343 Gaspar
756 4254 883 4324 Schola·
940 4258 1033 4321 Rome
1055 4298 1069 4334 ,
1091 4249 1130 4326 θ
1150 4274 1251 4323 encore
1276 4275 1347 4322 avec
1368 4254 1418 4336 ser
1442 4257 1543 4340 enfirnr
1564 4280 1668 4324 enrrrme

103 4428 107 4435 Ι
156 4362 213 4409 uus
229 4341 268 4409 'in
289 4350 426 4432 Historia
450 4351 615 4417 Valentino
639 4349 721 4433 apud
748 4346 880 4417 eundem
940 4360 1018 4412 cette
1042 4351 1175 4432 ffisteire
1205 4341 1269 4421 (de
1300 4342 1417 4411 Sansiae
1448 4344 1552 4412 irenes
1575 4343 1667 4412 nnn

154 4426 267 4501 Nlcul.
292 4433 469 4501 Antonium
493 4442 555 4504 laco
565 4448 704 4524 proxima
724 4446 837 4510 cranao.
940 4431 1081 4521 loquitur
1103 4457 1171 4524 que
1191 4431 1386 4504 Bullaudiani
1414 4436 1517 4502 Patres
1535 4433 1667 4502 afferunt

200 4517 270 4616 [c]
301 4532 349 4595 On
365 4532 496 4614 pretend
517 4550 577 4615 que
605 4533 639 4600 S·
658 4534 787 4618 Demase
807 4535 883 4601 canit
941 4521 994 4591 dic
1027 4548 1104 4595 xxr·
1134 4525 1322 4611 Februarii)
1352 4534 1382 4595 le
1400 4530 1513 4612 semble
1542 4531 1664 4597 diro:

155 4617 312 4703 Espegnol
325 4620 884 4709 filsd’unnornmeArttoine(²’qaoiq’
933 4620 1064 4706 puisqn'
1093 4624 1120 4688 il
1144 4626 1227 4687 enon
1255 4623 1340 4707 semi
1371 4622 1505 4687 atone
1538 4622 1609 4685 lunt
1632 4622 1667 4685 la

153 4724 191 4771 en
214 4730 249 4775 ne
265 4710 361 4794 puiffe
375 4732 471 4797 gnere
486 4716 593 4783 denter
613 4717 703 4798 qn’il
719 4734 753 4779 ne
766 4716 831 4798 seit
848 4716 884 4780 ni
933 4712 1080 4795 fentiien·
1095 4715 1126 4777 δ’
1146 4715 1289 4779 Eeeinain
1312 4706 1352 4779 (θ’
1372 4711 1409 4775 de
1430 4703 1567 4777 Lctleur
1590 4752 1601 4788 ,
1633 4730 1665 4775 ce

156 4799 176 4861 d
197 4804 316 4877 Rome,
339 4793 377 4870 (a
391 4823 451 4886 que
463 4805 521 4887 ftm
533 4804 744 4890 Praepareiffe
755 4828 781 4890 y
799 4808 883 4873 avoir
941 4808 996 4889 qni
1006 4803 1119 4888 semble
1139 4810 1193 4885 qn'
1208 4804 1236 4866 il
1248 4825 1275 4887 y
1296 4807 1380 4869 uenit
1401 4801 1596 4871 deneurean
1607 4801 1666 4883 fon

154 4888 296 4958 dement!
313 4893 360 4956 der
372 4893 423 4975 ser
434 4899 594 4976 premieres
619 4896 735 4977 nnnees)
758 4914 809 4962 ear
822 4896 883 4957 Ba·
941 4892 1078 4978 ensnme·
1102 4889 1192 4956 Idem
1215 4894 1321 4959 ibidem
1339 4897 1371 4959 in
1384 4892 1481 4958 Neris
1494 4907 1571 4976 pag·
1587 4909 1665 4968 773·

160 4985 260 5044 resins
289 4996 428 5066 repperee
449 5003 506 5048 nne
532 4988 706 5068 inscription
732 5005 770 5051 me
797 4987 826 5051 il
844 4986 882 5068 est
984 4974 1053 5072 [d]
1085 4978 1239 5049 Merenda
1262 4984 1326 5071 sub
1348 4984 1466 5053 initium
1497 4981 1662 5070 apesinlnm

155 5067 203 5133 dir
229 5088 288 5153 qne
299 5074 359 5153 sen
375 5088 448 5155 pere
464 5077 548 5140 nnete
566 5080 612 5164 ere
631 5079 773 5144 Eerieein
784 5117 798 5155 ,
822 5068 882 5157 Le,
939 5080 972 5151 ὃ.
996 5076 1121 5164 Demass
1130 5115 1141 5140 .
