4184 5904
427 353 498 499 78

423 571 483 657 his
507 591 590 672 quae
616 558 735 669 vulgi>
762 547 1095 642 circumferuntur
1111 556 1214 642 Surii
1231 552 1382 644 scilicet
1408 553 1509 671 (a),
1538 557 1576 636 S.
1599 558 1816 644 Maximini
1838 562 1947 649 Tre-⁴

423 686 587 775 virensis
617 679 710 793 (b),
742 674 782 757 &
810 679 991 761 Vaticani
1014 670 1179 760 Codicis
1211 675 1327 795 (a),
1355 699 1509 760 necnon
1535 698 1626 761 cum
1654 674 1717 758 his
1744 704 1825 791 qua
1854 681 1947 761 Do·

423 819 519 889 nato
548 800 759 883 servitano
787 786 884 875 falso
909 793 1082 879 atributa
1115 791 1201 878 suut
1234 796 1361 881 ainon
1389 796 1548 877 nemine
1577 788 1688 912 (d)':
1733 795 1842 879 velut
1875 801 1942 880 in·

422 921 535 1006 firma
563 943 607 1001 ac
640 910 787 995 nullius
819 908 915 994 fidei
942 907 992 992 ad
1030 926 1241 1017 agnatos,
1283 928 1328 996 vt
1356 916 1510 1010 aiunt,
1552 917 1592 999 δι
1636 908 1801 1024 gentiles
1832 910 1941 998 able-

425 1053 550 1153 gare3
583 1029 743 1128 verirm,
772 1023 880 1141 quod
911 1030 999 1111 eius.
1024 1051 1121 1139 pace
1146 1023 1318 1114 dixerim
1338 1077 1357 1126 2
1380 1021 1497 1113 aliter
1527 1021 1615 1113 sues
1641 1081 1657 1130 2
1688 1026 1803 1114 aliter
1830 1027 1943 1117 olent

424 1149 575 1243 catuli.

543 1266 636 1353 Scio
663 1260 853 1379 equidem
873 1263 972 1350 Acta
998 1267 1201 1352 Laurentii
1229 1268 1270 1353 in
1300 1218 1668 1382 quornmixordio
1720 1270 1942 1353 raemittuu-

424 1408 490 1478 tur
517 1411 576 1472 res
603 1382 714 1499 gellae
737 1384 973 1467 Sanctorum
1001 1379 1149 1468 Abdon
1175 1386 1215 1468 &
1238 1387 1400 1473 Sennen
1422 1386 1449 1469 ὲ
1474 1380 1630 1467 Perside
1651 1381 1940 1482 abductorum,

424 1507 552 1595 obitus
570 1504 681 1586 Decii
708 1497 988 1599 aurierunt,
1016 1521 1137 1612 atque
1163 1499 1240 1587 alia
1268 1500 1408 1616 parirnx
1431 1527 1527 1586 cum
1556 1498 1739 1587 historica
1763 1507 1936 1585 ueritate

423 1624 687 1711 coherentia:
719 1618 863 1702 meriti>
889 1615 911 1699 ai
937 1619 1110 1702 Criticis
1136 1619 1185 1701 ad
1212 1617 1364 1707 fabulas
1386 1616 1624 1719 amandari,
1650 1633 1697 1705 vt
1727 1645 1796 1705 nos
1834 1618 1937 1702 ianr-

424 1737 577 1854 pridem
608 1739 800 1821 Batonius
829 1731 972 1820 docuit
1000 1732 1096 1848 (e)
1126 1735 1275 1824 Eodem
1307 1739 1605 1854 depravationis
1630 1753 1698 1822 aut
1723 1732 1942 1845 interpola-

424 1857 548 1941 tionis
580 1852 687 1937 vltio
709 1850 887 1934 laborare
908 1849 1161 1963 agnoscimus
1181 1857 1279 1942 Adia
1313 1855 1355 1939 iu
1383 1856 1525 1970 quibus
1544 1854 1662 1939 Decii
1685 1851 1940 1966 Imperatoris

424 1975 465 2056 in
484 1965 619 2056 Persas
641 1966 846 2079 expeditio
877 1962 1054 2079 legitur3
1085 1997 1172 2055 eant
1199 1969 1484 2089 etenimquod
1517 1999 1593 2056 nec
1608 1975 1756 2058 rationi
1784 1989 1942 2082 tempo-

423 2115 545 2188 rum,
574 2114 699 2198 neque
724 2083 813 2170 aliis
835 2109 921 2195 quae
955 2083 1065 2173 centri
1098 2085 1266 2176 historia
1294 2089 1374 2177 fide
1413 2086 1598 2176 nituntur
1629 2115 1850 2201 congruere
1874 2100 1943 2171 aut

423 2201 714 2291 accommodari
746 2201 906 2300 ualeat,
934 2200 1146 2315 suspectam
1169 2209 1208 2290 &
1232 2208 1351 2320 plane
1383 2208 1654 2319 imaginariam
1678 2201 1946 2319 deprehendit
1974 2242 1980 2247 ·

424 2351 470 2408 ac
486 2319 769 2405 demonstravit
788 2321 968 2404 Summus
981 2319 1205 2411 Cardinalis
1220 2326 1394 2411 Norisxus
1423 2325 1540 2442 (f),
1568 2352 1690 2435 quem
1715 2321 1856 2408 Senior
1870 2322 1945 2403 Pa·

319 2530 327 2550 ⁸
425 2443 512 2550 gius
542 2436 660 2551 (g),
692 2435 930 2521 Dominicus
949 2440 1148 2549 Georgius
1179 2437 1276 2555 (h)
1301 2499 1316 2545 ,
1346 2439 1496 2554 aliique
1524 2440 1786 2523 Recentiores
1814 2433 1946 2520 Criti-

424 2555 463 2639 ci
504 2547 661 2666 sequuti
701 2546 850 2636 sucre.
892 2553 984 2640 Nec
1020 2558 1163 2640 maiori
1198 2558 1240 2642 in
1270 2557 1402 2666 pretio
1439 2582 1484 2641 ea
1513 2552 1720 2656 Laurentii
1743 2558 1841 2639 Acta
1873 2550 1946 2637 ha·

424 2669 552 2756 beuda
583 2668 714 2771 sunt,
746 2693 832 2782 quae
858 2669 1094 2758 Sanctorum
1119 2673 1220 2760 Sixti
1259 2676 1298 2756 &
1320 2671 1538 2786 Hippolyti
1567 2667 1637 2758 sub
1661 2675 1864 2759 communi
1891 2672 1945 2752 ti·

425 2787 512 2875 tulo
545 2783 757 2898 passionem
787 2790 1035 2889 continent,
1066 2817 1089 2874 a
1117 2788 1341 2875 Blanchino
1366 2786 1508 2873 itidem
1532 2815 1579 2871 ex
1606 2793 1752 2874 Veteri
1777 2789 1946 2872 Vatica-

425 2936 479 2993 no
508 2907 586 2992 lx.
616 2902 700 3022 (tt
730 2901 811 3016 ipse
838 2900 1006 3016 allerit)
1036 2900 1161 2985 saculi
1189 2903 1347 2986 Codice
1385 2900 1482 2984 antd
1508 2925 1653 3010 paucos
1674 2927 1798 2984 annos
1827 2897 1946 2986 evul-

426 3042 518 3132 gata
546 3020 665 3136 (i),
692 3038 737 3108 vt
766 3016 871 3106 suam
897 3015 948 3105 de
965 3019 1145 3103 Romana
1161 3015 1365 3103 Laurentii
1381 3014 1566 3101 Ciuitate
1588 3007 1824 3102 sententiam
1845 3041 1944 3102 cou-

426 3141 630 3252 firmaret3
661 3140 701 3221 in
726 3135 788 3222 his
805 3139 913 3223 enim
939 3134 1084 3222 nedum
1098 3133 1243 3220 fictitia·
1267 3135 1335 3221 illa
1352 3135 1469 3218 Decii
1497 3130 1540 3217 in
1569 3130 1702 3220 Perias.
1722 3135 1944 3246 expeditio,

423 3256 521 3354 sed,
544 3255 651 3368 quast-
678 3253 755 3341 hoc
781 3253 832 3338 ad
860 3251 1136 3340 infirmandam
1160 3279 1302 3338 corum
1327 3250 1452 3336 fidem
1480 3275 1558 3336 non
1585 3245 1804 3355 sufficeret,
1835 3251 1942 3366 gella

424 3369 588 3485 insuper
612 3377 845 3459 Sandtoruur
868 3373 1015 3456 Abdon
1042 3371 1284 3470 &sennem
1312 3365 1495 3483 morsque
1518 3368 1633 3455 Decii
1665 3369 1705 3449 8(
1735 3366 1940 3455 Valeriani

422 3491 558 3605 Impp.
589 3492 764 3604 iegitur,
790 3515 908 3601 quem
936 3485 1133 3600 triplicem
1164 3484 1338 3573 falfitatis
1351 3487 1557 3572 Laurentii
1578 3491 1772 3573 Actorum
1805 3488 1943 3572 chara-

425 3614 575 3696 iterem
602 3605 679 3693 elle
703 3603 905 3704 diximus3
935 3620 977 3686 vt
1005 3604 1070 3687 uel
1097 3602 1191 3688 hinc
1216 3599 1472 3713 argumenti,
1505 3601 1616 3717 quod
1633 3630 1679 3689 ex
1706 3631 1756 3690 eo
1781 3601 1940 3689 Codice

424 3725 468 3809 in
495 3751 569 3813 nos
594 3717 834 3804 Blanchinus
863 3732 979 3825 urget
1006 3722 1088 3821 uim
1126 3733 1244 3830 atque
1274 3715 1488 3804 efficaciam
1508 3717 1801 3830 perpendamus
1828 3721 1938 3833 (k).

1837 3841 1933 3920 Haec

469 3965 540 4036 (a)
562 3950 729 4023 Habentur
748 3947 832 4034 apud
843 3942 942 4035 lpfittn
958 3952 1101 4025 rantis·
1115 3958 1161 4023 cd
1213 3963 1250 4030 le
1271 3963 1316 4028 tax
1327 3958 1636 4047 Historiatfitbrtlofitt
1649 3997 1657 4016 ·
1670 3953 1823 4025 Valentia:
1840 3973 1941 4037 1742·

422 4050 497 4116 nen
515 4049 553 4110 Χ.
578 4048 665 4133 Aug.
1256 4050 1314 4130 (c)
1336 4052 1373 4117 Io
1397 4066 1461 4116 not.
1479 4048 1517 4112 ad
1539 4046 1707 4136 Martyrol.
1730 4051 1768 4112 Χ.
1783 4056 1838 4127 Aa
1860 4054 1943 4135 usti·

466 4136 525 4224 (b)
548 4133 703 4206 Laudatur
724 4130 790 4204 eius
812 4132 1023 4224 apographum
1052 4132 1070 4202 i
1093 4134 1152 4204 1³1³.
1256 4144 1318 4224 (f)
1343 4137 1426 4204 Diis.
1438 4136 1501 4201 111.
1520 4136 1560 4201 dc
1579 4135 1719 4221 Epochis
1735 4077 1941 4225 Syro-§iace-

420 4223 568 4297 Bolland.
590 4235 630 4297 Χ.
655 4230 885 4313 Aag.r·1t1a
908 4248 939 4295 a·
963 4250 1038 4298 119·
1208 4231 1324 4295 donum
1338 4245 1401 4314 cap·
1428 4244 1483 4291 20.
1507 4231 1575 4294 Col·
1602 4233 1739 4312 363001
1760 4244 1830 4312 366.
1860 4236 1942 4308 Tam·

464 4323 522 4403 (a),
536 4321 657 4404 Integra
667 4317 817 4383 habentur
832 4311 863 4378 in
875 4315 1045 4403 Prolegom.
1057 4313 1152 4382 Blau-
1210 4325 1255 4390 ΙΙ.
1271 4341 1337 4388 noo.
1355 4321 1441 4387 Edit.
1467 4321 1621 4390 Veronen.

422 4409 509 4477 chini
530 4409 567 4477 a‘d
588 4408 661 4492 Op.
676 4400 1037 4489 Liturgic.Ven.Card.
1063 4405 1152 4475 Tho·
1254 4407 1321 4500 (χ)
1343 4408 1410 4494 Ap·
1429 4404 1571 4475 Bollaud.
1597 4414 1644 4477 Χ.
1655 4413 1742 4498 Aug·
1753 4413 1782 4478 i.
1796 4428 1847 4481 12·
1861 4434 1939 4483 aare·

292 4585 295 4589 V
423 4497 508 4568 matii
535 4508 654 4570 Aaron
674 4503 763 4568 CVI·
781 4512 826 4581 pu
850 4540 858 4559 .
882 4501 1142 4568 CCLXXXXIII·
1214 4518 1288 4585 ιη.

469 4599 541 4669 (di.
561 4588 611 4660 Fr.
624 4587 744 4691 Bonan.
763 4522 882 4686 Aulion
902 4586 957 4654 seu
975 4587 1029 4677 qui
1050 4588 1157 4656 subeo
1255 4589 1325 4673 (b)
1344 4590 1382 4659 In
1402 4607 1471 4662 not..
1489 4589 1660 4680 Martyrol.
1685 4589 1809 4660 Adonis
1830 4598 1878 4664 dir
1898 4594 1938 4656 X.

425 4682 550 4748 nominc
572 4682 646 4747 latet
677 4699 709 4744 rn
734 4675 915 4760 opusculo:
936 4682 985 4747 Dc
1013 4687 1092 4750 Vita
1113 4677 1153 4750 (Χ
1211 4685 1302 4774 Arga
1734 4762 1738 4767 ,
1832 4700 1845 4717 “

424 4778 552 4860 Pafflaue
577 4777 610 4842 S.
634 4773 818 4839 Laurentii·
839 4774 1030 4840 Sunantcae
1056 4784 1155 4854 1⁶36.
1256 4774 1311 4858 (i)
1332 4773 1450 4845 Annon
1472 4771 1569 4844 CVI·
1594 4771 1627 4842 in
1644 4771 1821 4845 Orationar.
1834 4770 1940 4841 Goth.

425 4861 587 4931 videndus
614 4861 670 4928 Cl.
694 4856 885 4944 Augustinus
907 4855 1039 4930 Salcstus
1056 4859 1157 4931 civia
1211 4858 1245 4929 in
1271 4867 1392 4957 Prolcg.
1416 4868 1486 4952 Op·
1509 4865 1557 4934 V·
1575 4864 1673 4935 Card·
1688 4862 1845 4936 Thomfii
1864 4882 1942 4953 pag·

425 4975 511 5019 meus
535 4950 566 5016 in
591 4948 690 5037 Epist.
711 4949 748 5017 ad
778 4944 942 5019 Erudltiss·
961 4949 1158 5041 Gregoriunt
1214 4962 1384 5028 CCXCIII.

424 5032 621 5130 Mayauliunx
646 5040 701 5136 suh
734 5035 832 5133 husun
854 5040 987 5136 operif:
1022 5049 1156 5136 Censura
1257 5048 1320 5143 (i)
1341 5047 1502 5145 Antonine
1523 5046 1626 5141 Maria
1647 5046 1732 5136 Lupi
1759 5046 1791 5117 S.
1815 5050 1844 5120 t.
1879 5044 1945 5110 ina

1760 5190 1764 5202 .
1857 5159 1945 5227 egre·
