4184 5904
407 520 656 615 traditioni,
686 537 732 602 ar
749 511 953 632 pofflffloni
963 519 1288 630 patrocinemur3
1320 516 1397 601 l’er
1411 541 1502 609 nor,
1533 521 1722 626 inquam,
1751 550 1824 607 non
1836 521 1930 637 sto·

405 639 481 727 bit·
495 640 695 750 quominus
724 639 797 750 pia
826 637 1083 746 Hispanorum
1109 637 1231 718 Notio
1260 629 1445 719 Suniium
1472 634 1729 719 Laurentium
1751 660 1824 750 pro
1846 641 1926 761 suo

294 824 300 833 .
400 754 573 850 aeaeae,
600 772 792 863 tanquam
806 752 929 869 strum
953 758 1127 850 inuooer5
1154 777 1199 834 ac
1213 748 1401 863 constanti
1419 755 1608 865 reiigione
1627 751 1746 836 coiere
1765 775 1927 871 purgor,

390 867 619 987 prafi’mim
649 894 734 954 cum
767 876 849 953 iam
880 870 970 952 imie
1000 869 1027 950 ai
1038 865 1185 980 seculo
1215 893 1308 953 nono
1338 864 1521 955 sumum
1546 885 1625 978 pro
1655 864 1824 982 Hispano
1857 879 1927 960 ha·

395 990 528 1078 bitum
554 994 795 1071 inveniamus
832 991 879 1066 in
905 986 1047 1070 Adonis
1069 986 1347 1097 Martyroiogia
1371 983 1531 1071 hoodie
1558 1033 1573 1081 2
1603 982 1671 1069 ubi
1679 984 1742 1098 sn
1767 992 1927 1104 Mortyr

395 1103 797 1219 loquensinducitur:
832 1125 1053 1210 ogr-aurum
1083 1124 1143 1183 ao
1174 1125 1309 1185 cerrus
1338 1127 1542 1189 ursnnuvs
1573 1127 1687 1198 svm,
1721 1131 1927 1195 envmrvs

395 1247 455 1311 ac
485 1244 698 1308 uvrnrrvs
731 1244 908 1302 noune.
949 1217 1003 1298 Et
1041 1241 1135 1297 mox
1167 1219 1209 1299 in
1242 1220 1346 1302 noris
1386 1215 1437 1301 ad
1472 1215 1622 1303 Adonis
1664 1220 1926 1329 Martyrolo·

395 1346 506 1450 gium
539 1334 635 1448 (a)
668 1334 753 1442 post
782 1335 939 1432 verba,
971 1357 1190 1443 Qaurum
1220 1360 1281 1418 ao
1311 1359 1445 1419 oenus
1474 1338 1574 1420 &ez
1608 1338 1665 1420 ux
1694 1336 1757 1422 his
1774 1335 1925 1454 purisſs-

392 1450 501 1565 mrim
536 1448 791 1562 (inquiunt)
822 1447 970 1537 naribus
998 1449 1182 1537 Soniium
1213 1452 1467 1541 Laurentium
1498 1449 1675 1567 Hispanis
1709 1454 1921 1543 dedimus.

393 1567 505 1655 tlibi
538 1576 668 1651 autem
698 1564 749 1649 de
777 1566 902 1648 Petro
930 1565 1000 1649 illo
1029 1564 1245 1666 Diacono‚
1280 1593 1396 1679 quem
1429 1568 1481 1655 de
1511 1568 1678 1652 Damaso
1702 1566 1922 1656 sermonem

356 1666 573 1772 ‘debuisse
602 1682 803 1782 diximus,
830 1679 1067 1794 loquentem
1099 1685 1207 1768 aiunt
1238 1683 1306 1798 (b)
1331 1711 1343 1766 c
1373 1686 1646 1812 Quamquam
1679 1687 1769 1772 uero
1791 1693 1919 1802 euplo-

365 1796 528 1896 “iatum
557 1797 662 1884 nubis
700 1823 771 1882 non
785 1794 881 1908 su,
925 1828 978 1883 an
1017 1800 1166 1908 uliquis
1206 1829 1254 1887 oro
1280 1809 1499 1890 memoratis
1529 1806 1657 1890 Petris
1686 1807 1920 1893 Diaconibur

392 1916 496 2011 Aila
521 1919 593 2001 illa
620 1920 650 1997 S
651 1911 755 2000 ouili
770 1911 950 2028 Damaſs,
983 1931 1071 2028 quir
1082 1916 1215 2033 supra
1242 1919 1440 2029 allegabat
1469 1922 1656 2009 Baronim
1680 1918 1922 2034 corrscripfit3

391 2042 495 2153 quia
519 2055 649 2119 tomen
675 2030 989 2147 Eminenoifflmur
1017 2034 1086 2118 iiie
1127 2033 1355 2149 affirmabat
1389 2065 1436 2122 eo
1466 2044 1511 2122 in
1545 2036 1688 2124 duobus
1720 2039 1921 2127 Caelitibus

383 2145 622 2272 pervetustis
649 2171 859 2250 extarec„
891 2147 986 2233 idco
1023 2177 1104 2235 non
1130 2148 1409 2262 poenitendum
1439 2151 1592 2240 accedit
1619 2154 1740 2238 robur
1770 2153 1926 2240 semen-

394 2322 427 2372 „
455 2260 813 2470 tipsllqspanorum
848 2264 1035 2353 Sandtum
1064 2271 1323 2357 Laurentium
1357 2269 1427 2356 fibi
1470 2288 1654 2382 tanquam
1684 2268 1921 2384 popularem

395 2435 428 2491 2,
458 2413 479 2472 a
527 2404 582 2464 cn
611 2402 786 2466 entium.

748 2644 1551 2763 CAPVTIII.

625 2899 764 3006 Now·
787 2932 867 3032 pro
897 2900 1184 3033 Hispanorum
1221 2902 1450 3029 sententio
1481 2929 1690 2999 couneus.

569 3191 743 3278 litenis
760 3217 833 3303 pro
856 3189 1044 3306 Hispanis
1072 3191 1216 3294 allata,
1246 3188 1272 3275 sr
1299 3187 1497 3278 Merenda
1522 3189 1830 3275 confutationem
1847 3188 1919 3275 de·
1990 3186 2004 3218 ‘

395 3200 565 3517 H
597 3338 705 3415 mas,
736 3316 885 3425 priores
917 3309 1076 3399 edixire
1099 3308 1347 3400 Bollandiani
1383 3311 1542 3395 Patres.
1573 3310 1713 3418 Neque
1743 3305 1821 3414 ipse
1852 3307 1920 3391 vbi
2021 3398 2024 3401 ,

599 3427 830 3513 illustranda
848 3431 1050 3518 Laurentii
1079 3431 1219 3542 patria
1250 3428 1347 3514 nihil
1375 3455 1453 3513 non
1482 3431 1558 3511 iam
1590 3423 1928 3523 iSummisViriq

397 3576 543 3663 magno
559 3548 760 3660 utrimque
788 3541 991 3633 molimine
1019 3568 1245 3640 tentatum,
1275 3550 1409 3630 omnia
1434 3568 1564 3628 tamen
1589 3541 1825 3627 conclamata
1847 3534 1923 3625 esse

397 3669 628 3778 comperio:
664 3659 834 3744 laborem
864 3658 968 3742 hunc
995 3663 1171 3741 nostrum
1203 3656 1384 3763 susceptis
1412 3661 1575 3738 antehac
1616 3658 1666 3738 de
1689 3655 1830 3740 eodem
1861 3682 1924 3740 ar·

398 3797 592 3890 gumento
618 3770 702 3854 aliis
732 3769 1051 3880 praestabiliorem
1068 3765 1171 3879 ¹fore
1201 3764 1356 3880 sperare
1384 3765 1505 3852 debui
1543 3830 1554 3852 .
1601 3770 1750 3854 Verirm
1773 3791 1924 3882 'practer

397 3893 554 3976 initam
583 3887 734 3969 homini
763 3887 803 3964 in
837 3877 1032 3969 abditiora
1056 3911 1219 4001 quaque
1246 3888 1482 3995 penetrandi
1511 3885 1797 3996 cupiditatem,
1826 3886 1923 3974 illud

398 4009 652 4092 vehenrenter
687 4003 863 4087 animum
893 4029 1025 4087 nreum
1055 4003 1310 4103 stimulabat,
1340 4002 1445 4119 quod
1488 4010 1529 4089 in
1560 4023 1739 4089 extremo
1772 4003 1923 4090 noslra·

314 4154 323 4165 ⁸
397 4124 499 4209 tium
531 4120 774 4233 Scriptorum
810 4113 862 4202 de
891 4116 1102 4231 'Laurentii
1144 4127 1269 4233 patria
1295 4121 1514 4232 nequitu,
1546 4116 1792 4206 adversarios
1822 4123 1932 4211 nihil.

400 4266 479 4326 non
509 4257 690 4350 expertos
716 4227 829 4319 fuine
859 4235 1213 4322 animadverterem
1245 4288 1261 4333 ,
1300 4265 1383 4349 quo
1410 4261 1521 4319 nova
1551 4236 1735 4347 opinioni
1766 4236 1920 4347 pondus

400 4378 522 4469 atque
546 4359 826 4439 annositatem>
844 4347 1074 4438 adderent.
1105 4352 1217 4437 Num
1246 4377 1341 4436 vero
1370 4356 1495 4456 inita,
1524 4352 1631 4469 quod
1664 4357 1809 4451 aiunt,
1837 4350 1921 4437 alei

400 4469 632 4587 qualequale
656 4492 784 4583 opera
810 4468 983 4579 pretium
1011 4463 1171 4556 fecerim
1190 4520 1204 4570 2
1220 4467 1432 4555 Letiorum
1463 4473 1539 4558 crit
1559 4471 1769 4555 arbitrium
1801 4491 1918 4586 atque

402 4592 665 4679 existimatio.

499 4702 665 4794 'Primo
694 4720 826 4792 autem
849 4706 1022 4794 omnium
1051 4704 1146 4795 loco
1172 4702 1267 4798 scire
1294 4702 1482 4794 debemus
1510 4702 1580 4796 sub
1606 4708 1765 4797 initium
1791 4702 1921 4908 saplqlli

450 5003 499 5084 (o)
523 5001 600 5070 Eat.
614 5002 666 5071 die
687 5000 743 5071 sub
762 4998 809 5069 tit·
837 5005 917 5076 Arre
935 5013 997 5076 aiio
1016 5004 1146 5099 &Q
1247 5007 1296 5086 (b)
1318 5009 1374 5075 Ad
1388 5008 1463 5075 iiam
1485 5007 1526 5072 t.
1545 5010 1632 5096 Aug.
1653 5011 1734 5090 §.id
1760 5026 1789 5074 n·
1810 5021 1885 5081 104·

406 5096 473 5165 Ed·
504 5099 584 5167 Ver·
598 5114 676 5183 pag.
695 5114 769 5175 520·
931 5109 939 5122 ⁸
1625 5102 1627 5107 ’
