<?xml version="1.0" encoding="UTF-8"?>
<!DOCTYPE html PUBLIC "-//W3C//DTD XHTML 1.0 Transitional//EN"
    "http://www.w3.org/TR/xhtml1/DTD/xhtml1-transitional.dtd">
<html xmlns="http://www.w3.org/1999/xhtml" xml:lang="en" lang="en">
 <head>
  <title>
</title>
<meta http-equiv="Content-Type" content="text/html;charset=utf-8" />
  <meta name='ocr-system' content='tesseract 3.04.00' />
  <meta name='ocr-capabilities' content='ocr_page ocr_carea ocr_par ocr_line ocrx_word'/>
</head>
<body>
  <div class='ocr_page' id='page_1' title='image "./damasusetlauren00bygoog_0102.png"; bbox 0 0 4184 5904; ppageno 0'>
   <div class='ocr_carea' id='block_1_1' title="bbox 147 545 1679 1368">
    <p class='ocr_par' dir='ltr' id='par_1_1' title="bbox 147 545 1679 1368">
     <span class='ocr_line' id='line_1_1' title="bbox 154 545 1677 667; baseline 0 -28"><span class='ocrx_word' id='word_1_1' title='bbox 154 577 282 667; x_wconf 85' lang='lat' dir='ltr'><strong>eoque</strong></span> <span class='ocrx_word' id='word_1_2' title='bbox 305 545 499 662; x_wconf 87' lang='lat' dir='ltr'><strong>Hispanos</strong></span> <span class='ocrx_word' id='word_1_3' title='bbox 538 548 813 662; x_wconf 56' lang='lat' dir='ltr'><strong>scampinam.</strong></span> <span class='ocrx_word' id='word_1_4' title='bbox 835 547 1070 635; x_wconf 80' lang='lat' dir='ltr'><strong>blanchinus</strong></span> <span class='ocrx_word' id='word_1_5' title='bbox 1099 547 1273 661; x_wconf 85' lang='lat' dir='ltr'><strong>experiri</strong></span> <span class='ocrx_word' id='word_1_6' title='bbox 1300 595 1314 648; x_wconf 64' lang='lat'>2</span> <span class='ocrx_word' id='word_1_7' title='bbox 1344 550 1514 664; x_wconf 79' lang='lat' dir='ltr'><strong>bellique</strong></span> <span class='ocrx_word' id='word_1_8' title='bbox 1554 551 1677 639; x_wconf 87' lang='lat' dir='ltr'><strong>aleam</strong></span> 
     </span>
     <span class='ocr_line' id='line_1_2' title="bbox 156 665 1677 780; baseline 0.007 -26"><span class='ocrx_word' id='word_1_9' title='bbox 156 690 310 755; x_wconf 88' lang='lat' dir='ltr'><strong>tentare</strong></span> <span class='ocrx_word' id='word_1_10' title='bbox 342 665 557 756; x_wconf 83' lang='lat' dir='ltr'><strong>voluerit?</strong></span> <span class='ocrx_word' id='word_1_11' title='bbox 596 670 746 757; x_wconf 83' lang='lat' dir='ltr'>Saltem</span> <span class='ocrx_word' id='word_1_12' title='bbox 784 665 1010 780; x_wconf 78' lang='lat' dir='ltr'><strong>exemplum</strong></span> <span class='ocrx_word' id='word_1_13' title='bbox 1044 666 1147 750; x_wconf 70' lang='lat' dir='ltr'><strong>tanti</strong></span> <span class='ocrx_word' id='word_1_14' title='bbox 1188 672 1311 765; x_wconf 79' lang='lat' dir='ltr'><strong>viri,</strong></span> <span class='ocrx_word' id='word_1_15' title='bbox 1355 665 1380 751; x_wconf 78' lang='lat' dir='ltr'><strong>sl</strong></span> <span class='ocrx_word' id='word_1_16' title='bbox 1422 672 1569 754; x_wconf 67' lang='lat' dir='ltr'><strong>incerta</strong></span> <span class='ocrx_word' id='word_1_17' title='bbox 1605 695 1677 779; x_wconf 75' lang='lat' dir='ltr'><strong>pro</strong></span> 
     </span>
     <span class='ocr_line' id='line_1_3' title="bbox 151 777 1679 893; baseline -0.001 -23"><span class='ocrx_word' id='word_1_18' title='bbox 151 793 269 872; x_wconf 85' lang='lat' dir='ltr'><strong>certis</strong></span> <span class='ocrx_word' id='word_1_19' title='bbox 295 812 385 870; x_wconf 90' lang='lat' dir='ltr'><strong>eum</strong></span> <span class='ocrx_word' id='word_1_20' title='bbox 415 777 581 893; x_wconf 72' lang='lat' dir='ltr'><strong>captdlse</strong></span> <span class='ocrx_word' id='word_1_21' title='bbox 598 792 852 892; x_wconf 73' lang='lat' dir='ltr'><strong>eonstiterit,</strong></span> <span class='ocrx_word' id='word_1_22' title='bbox 882 784 1110 870; x_wconf 89' lang='lat' dir='ltr'><strong>admonitos</strong></span> <span class='ocrx_word' id='word_1_23' title='bbox 1141 810 1213 868; x_wconf 88' lang='lat' dir='ltr'><strong>nos</strong></span> <span class='ocrx_word' id='word_1_24' title='bbox 1241 779 1389 884; x_wconf 83' lang='lat' dir='ltr'><strong>faciet,</strong></span> <span class='ocrx_word' id='word_1_25' title='bbox 1423 802 1467 869; x_wconf 89' lang='lat' dir='ltr'><strong>vt</strong></span> <span class='ocrx_word' id='word_1_26' title='bbox 1508 784 1679 871; x_wconf 69' lang='lat' dir='ltr'><strong>maxime</strong></span> 
     </span>
     <span class='ocr_line' id='line_1_4' title="bbox 153 889 1679 1018; baseline 0.001 -30"><span class='ocrx_word' id='word_1_27' title='bbox 153 906 313 1018; x_wconf 85' lang='lat' dir='ltr'><strong>quisque</strong></span> <span class='ocrx_word' id='word_1_28' title='bbox 341 908 382 986; x_wconf 92' lang='lat' dir='ltr'><strong>in</strong></span> <span class='ocrx_word' id='word_1_29' title='bbox 413 923 495 983; x_wconf 91' lang='lat' dir='ltr'><strong>rem</strong></span> <span class='ocrx_word' id='word_1_30' title='bbox 533 906 791 1018; x_wconf 85' lang='lat' dir='ltr'><strong>propendet,</strong></span> <span class='ocrx_word' id='word_1_31' title='bbox 839 914 893 991; x_wconf 87' lang='lat' dir='ltr'><strong>ita</strong></span> <span class='ocrx_word' id='word_1_32' title='bbox 926 894 1059 985; x_wconf 89' lang='lat' dir='ltr'><strong>standi</strong></span> <span class='ocrx_word' id='word_1_33' title='bbox 1092 905 1421 1011; x_wconf 84' lang='lat' dir='ltr'>opportuniorem</span> <span class='ocrx_word' id='word_1_34' title='bbox 1451 889 1535 988; x_wconf 89' lang='lat' dir='ltr'><strong>fore</strong></span> <span class='ocrx_word' id='word_1_35' title='bbox 1562 930 1577 1009; x_wconf 81' lang='lat'>3</span> <span class='ocrx_word' id='word_1_36' title='bbox 1605 930 1679 989; x_wconf 69' lang='lat' dir='ltr'><strong>ne-⁴</strong></span> 
     </span>
     <span class='ocr_line' id='line_1_5' title="bbox 147 1007 1678 1134; baseline 0 -30"><span class='ocrx_word' id='word_1_37' title='bbox 147 1026 379 1132; x_wconf 89' lang='lat' dir='ltr'><strong>minemque</strong></span> <span class='ocrx_word' id='word_1_38' title='bbox 408 1013 657 1129; x_wconf 83' lang='lat' dir='ltr'><strong>usqueadeo</strong></span> <span class='ocrx_word' id='word_1_39' title='bbox 684 1019 896 1134; x_wconf 87' lang='lat' dir='ltr'><strong>providum</strong></span> <span class='ocrx_word' id='word_1_40' title='bbox 937 1007 1015 1103; x_wconf 88' lang='lat' dir='ltr'><strong>esse</strong></span> <span class='ocrx_word' id='word_1_41' title='bbox 1041 1066 1057 1115; x_wconf 83' lang='lat'>‚</span> <span class='ocrx_word' id='word_1_42' title='bbox 1086 1022 1184 1126; x_wconf 90' lang='lat' dir='ltr'><strong>quin</strong></span> <span class='ocrx_word' id='word_1_43' title='bbox 1217 1018 1460 1130; x_wconf 83' lang='lat' dir='ltr'><strong>improvidus</strong></span> <span class='ocrx_word' id='word_1_44' title='bbox 1492 1019 1537 1104; x_wconf 87' lang='lat' dir='ltr'><strong>sit</strong></span> <span class='ocrx_word' id='word_1_45' title='bbox 1565 1071 1580 1118; x_wconf 78' lang='lat'>,</span> <span class='ocrx_word' id='word_1_46' title='bbox 1610 1020 1678 1105; x_wconf 89' lang='lat' dir='ltr'><strong>vbi</strong></span> 
     </span>
     <span class='ocr_line' id='line_1_6' title="bbox 147 1131 1676 1248; baseline -0.004 -21"><span class='ocrx_word' id='word_1_47' title='bbox 147 1135 347 1227; x_wconf 81' lang='lat' dir='ltr'><strong>volentem</strong></span> <span class='ocrx_word' id='word_1_48' title='bbox 372 1131 633 1246; x_wconf 71' lang='lat' dir='ltr'><strong>adgrediire&#39;.</strong></span> <span class='ocrx_word' id='word_1_49' title='bbox 666 1146 787 1223; x_wconf 88' lang='lat' dir='ltr'><strong>Nunc</strong></span> <span class='ocrx_word' id='word_1_50' title='bbox 811 1157 944 1224; x_wconf 91' lang='lat' dir='ltr'><strong>autem</strong></span> <span class='ocrx_word' id='word_1_51' title='bbox 970 1133 1022 1220; x_wconf 91' lang='lat' dir='ltr'><strong>ad</strong></span> <span class='ocrx_word' id='word_1_52' title='bbox 1038 1150 1271 1248; x_wconf 85' lang='lat' dir='ltr'><strong>argumenta</strong></span> <span class='ocrx_word' id='word_1_53' title='bbox 1293 1157 1377 1246; x_wconf 84' lang='lat' dir='ltr'><strong>quae</strong></span> <span class='ocrx_word' id='word_1_54' title='bbox 1403 1132 1676 1248; x_wconf 79' lang='lat' dir='ltr'><strong>Hispanorum</strong></span> 
     </span>
     <span class='ocr_line' id='line_1_7' title="bbox 148 1248 810 1368; baseline 0.009 -32"><span class='ocrx_word' id='word_1_55' title='bbox 148 1255 327 1368; x_wconf 89' lang='lat' dir='ltr'><strong>opinioni</strong></span> <span class='ocrx_word' id='word_1_56' title='bbox 356 1248 493 1343; x_wconf 84' lang='lat' dir='ltr'><strong>favent</strong></span> <span class='ocrx_word' id='word_1_57' title='bbox 521 1254 810 1343; x_wconf 78' lang='lat' dir='ltr'><strong>deveniamus.</strong></span> 
     </span>
    </p>
   </div>
   <div class='ocr_carea' id='block_1_2' title="bbox 479 1473 1303 1592">
    <p class='ocr_par' dir='ltr' id='par_1_2' title="bbox 479 1473 1303 1592">
     <span class='ocr_line' id='line_1_8' title="bbox 479 1473 1303 1592; baseline -0.008 -2"><span class='ocrx_word' id='word_1_58' title='bbox 479 1477 549 1590; x_wconf 91' lang='lat' dir='ltr'><strong>·C</strong></span> <span class='ocrx_word' id='word_1_59' title='bbox 613 1478 684 1592; x_wconf 39' lang='lat' dir='ltr'><strong>⁴*lt</strong></span> <span class='ocrx_word' id='word_1_60' title='bbox 764 1478 807 1589; x_wconf 94' lang='lat' dir='ltr'>P</span> <span class='ocrx_word' id='word_1_61' title='bbox 886 1475 940 1586; x_wconf 91' lang='lat' dir='ltr'>V</span> <span class='ocrx_word' id='word_1_62' title='bbox 1020 1473 1076 1585; x_wconf 93' lang='lat' dir='ltr'>T</span> <span class='ocrx_word' id='word_1_63' title='bbox 1228 1473 1303 1585; x_wconf 90' lang='lat'><strong>11.</strong></span> 
     </span>
    </p>
   </div>
   <div class='ocr_carea' id='block_1_3' title="bbox 329 1687 1487 1965">
    <p class='ocr_par' dir='ltr' id='par_1_3' title="bbox 329 1687 1487 1965">
     <span class='ocr_line' id='line_1_9' title="bbox 329 1687 1487 1834; baseline -0.006 -39"><span class='ocrx_word' id='word_1_64' title='bbox 329 1687 491 1799; x_wconf 81' lang='lat' dir='ltr'><strong>Veteri</strong></span> <span class='ocrx_word' id='word_1_65' title='bbox 529 1698 818 1834; x_wconf 76' lang='lat' dir='ltr'><em>Hispanorum</em></span> <span class='ocrx_word' id='word_1_66' title='bbox 852 1727 1107 1834; x_wconf 82' lang='lat' dir='ltr'><strong>argumenti</strong></span> <span class='ocrx_word' id='word_1_67' title='bbox 1147 1694 1487 1823; x_wconf 75' lang='lat' dir='ltr'><strong>confirmantur,</strong></span> 
     </span>
     <span class='ocr_line' id='line_1_10' title="bbox 579 1824 1240 1965; baseline -0.008 -26"><span class='ocrx_word' id='word_1_68' title='bbox 579 1833 794 1951; x_wconf 79' lang='lat' dir='ltr'><strong>Merenda</strong></span> <span class='ocrx_word' id='word_1_69' title='bbox 814 1836 957 1940; x_wconf 81' lang='lat' dir='ltr'><strong>obiter</strong></span> <span class='ocrx_word' id='word_1_70' title='bbox 980 1824 1207 1965; x_wconf 83' lang='lat' dir='ltr'><strong>refellitur</strong></span> <span class='ocrx_word' id='word_1_71' title='bbox 1229 1907 1240 1934; x_wconf 88' lang='lat'><em>.</em></span> 
     </span>
    </p>
   </div>
   <div class='ocr_carea' id='block_1_4' title="bbox 144 2067 1673 2388">
    <p class='ocr_par' dir='ltr' id='par_1_4' title="bbox 144 2067 1673 2388">
     <span class='ocr_line' id='line_1_11' title="bbox 144 2067 1673 2388; baseline -0.003 -230"><span class='ocrx_word' id='word_1_72' title='bbox 144 2073 396 2388; x_wconf 78' lang='lat' dir='ltr'><strong>Noti</strong></span> <span class='ocrx_word' id='word_1_73' title='bbox 427 2072 472 2159; x_wconf 82' lang='lat' dir='ltr'><strong>eii</strong></span> <span class='ocrx_word' id='word_1_74' title='bbox 501 2073 581 2164; x_wconf 92' lang='lat' dir='ltr'><strong>sum</strong></span> <span class='ocrx_word' id='word_1_75' title='bbox 610 2073 852 2166; x_wconf 60' lang='lat' dir='ltr'><strong>confidentis</strong></span> <span class='ocrx_word' id='word_1_76' title='bbox 885 2097 929 2165; x_wconf 89' lang='lat' dir='ltr'><strong>it</strong></span> <span class='ocrx_word' id='word_1_77' title='bbox 961 2100 1045 2161; x_wconf 91' lang='lat' dir='ltr'><strong>rem</strong></span> <span class='ocrx_word' id='word_1_78' title='bbox 1074 2067 1187 2154; x_wconf 69' lang='lat' dir='ltr'><strong>tanti</strong></span> <span class='ocrx_word' id='word_1_79' title='bbox 1209 2074 1427 2155; x_wconf 89' lang='lat' dir='ltr'><strong>animorum</strong></span> <span class='ocrx_word' id='word_1_80' title='bbox 1446 2068 1673 2157; x_wconf 86' lang='lat' dir='ltr'><strong>contentio·</strong></span> 
     </span>
    </p>
   </div>
   <div class='ocr_carea' id='block_1_5' title="bbox 17 2184 1768 4401">
    <p class='ocr_par' dir='ltr' id='par_1_5' title="bbox 17 2184 1768 3554">
     <span class='ocr_line' id='line_1_12' title="bbox 349 2184 1672 2307; baseline -0.005 -34"><span class='ocrx_word' id='word_1_81' title='bbox 349 2217 398 2273; x_wconf 88' lang='lat' dir='ltr'><strong>ne</strong></span> <span class='ocrx_word' id='word_1_82' title='bbox 425 2190 686 2304; x_wconf 83' lang='lat' dir='ltr'><strong>disputatani,</strong></span> <span class='ocrx_word' id='word_1_83' title='bbox 718 2191 992 2307; x_wconf 71' lang='lat' dir='ltr'><strong>redintegrati</strong></span> <span class='ocrx_word' id='word_1_84' title='bbox 1020 2187 1237 2300; x_wconf 83' lang='lat' dir='ltr'><strong>praleriini</strong></span> <span class='ocrx_word' id='word_1_85' title='bbox 1260 2190 1308 2273; x_wconf 93' lang='lat' dir='ltr'><strong>ab</strong></span> <span class='ocrx_word' id='word_1_86' title='bbox 1335 2184 1575 2274; x_wconf 86' lang='lat' dir='ltr'><strong>Adversariis</strong></span> <span class='ocrx_word' id='word_1_87' title='bbox 1597 2214 1672 2296; x_wconf 88' lang='lat' dir='ltr'><strong>pu·</strong></span> 
     </span>
     <span class='ocr_line' id='line_1_13' title="bbox 345 2302 1669 2415; baseline -0.001 -28"><span class='ocrx_word' id='word_1_88' title='bbox 345 2303 426 2415; x_wconf 81' lang='lat' dir='ltr'><strong>giiii</strong></span> <span class='ocrx_word' id='word_1_89' title='bbox 454 2335 649 2399; x_wconf 88' lang='lat' dir='ltr'><strong>novorum</strong></span> <span class='ocrx_word' id='word_1_90' title='bbox 676 2312 886 2400; x_wconf 81' lang='lat' dir='ltr'><strong>accelbone</strong></span> <span class='ocrx_word' id='word_1_91' title='bbox 920 2311 1174 2403; x_wconf 80' lang='lat' dir='ltr'><strong>delenuum,</strong></span> <span class='ocrx_word' id='word_1_92' title='bbox 1207 2303 1248 2387; x_wconf 91' lang='lat' dir='ltr'><strong>id</strong></span> <span class='ocrx_word' id='word_1_93' title='bbox 1284 2302 1340 2386; x_wconf 85' lang='lat' dir='ltr'><strong>est</strong></span> <span class='ocrx_word' id='word_1_94' title='bbox 1367 2306 1503 2389; x_wconf 74' lang='lat' dir='ltr'><strong>recens</strong></span> <span class='ocrx_word' id='word_1_95' title='bbox 1534 2325 1669 2390; x_wconf 87' lang='lat' dir='ltr'><strong>eiuro-</strong></span> 
     </span>
     <span class='ocr_line' id='line_1_14' title="bbox 142 2413 1672 2540; baseline 0.001 -39"><span class='ocrx_word' id='word_1_96' title='bbox 142 2443 232 2505; x_wconf 85' lang='lat' dir='ltr'><strong>rum</strong></span> <span class='ocrx_word' id='word_1_97' title='bbox 260 2420 491 2524; x_wconf 83' lang='lat' dir='ltr'>Codicum,</span> <span class='ocrx_word' id='word_1_98' title='bbox 523 2455 620 2514; x_wconf 86' lang='lat' dir='ltr'><strong>vnus</strong></span> <span class='ocrx_word' id='word_1_99' title='bbox 643 2456 720 2540; x_wconf 83' lang='lat' dir='ltr'><strong>ego</strong></span> <span class='ocrx_word' id='word_1_100' title='bbox 750 2429 932 2512; x_wconf 91' lang='lat' dir='ltr'><strong>omnium</strong></span> <span class='ocrx_word' id='word_1_101' title='bbox 962 2422 1122 2516; x_wconf 82' lang='lat' dir='ltr'><strong>sistere,</strong></span> <span class='ocrx_word' id='word_1_102' title='bbox 1152 2413 1327 2529; x_wconf 89' lang='lat' dir='ltr'><strong>partesve</strong></span> <span class='ocrx_word' id='word_1_103' title='bbox 1344 2447 1387 2504; x_wconf 89' lang='lat' dir='ltr'><strong>ac</strong></span> <span class='ocrx_word' id='word_1_104' title='bbox 1414 2421 1497 2506; x_wconf 88' lang='lat' dir='ltr'><strong>iura</strong></span> <span class='ocrx_word' id='word_1_105' title='bbox 1525 2418 1672 2527; x_wconf 87' lang='lat' dir='ltr'><strong>Hispa·</strong></span> 
     </span>
     <span class='ocr_line' id='line_1_15' title="bbox 144 2534 1669 2654; baseline -0.002 -34"><span class='ocrx_word' id='word_1_106' title='bbox 144 2562 287 2622; x_wconf 92' lang='lat' dir='ltr'><strong>norum</strong></span> <span class='ocrx_word' id='word_1_107' title='bbox 315 2547 356 2625; x_wconf 94' lang='lat' dir='ltr'><strong>in</strong></span> <span class='ocrx_word' id='word_1_108' title='bbox 384 2559 475 2639; x_wconf 88' lang='lat' dir='ltr'><strong>tuto</strong></span> <span class='ocrx_word' id='word_1_109' title='bbox 501 2542 700 2629; x_wconf 86' lang='lat' dir='ltr'><strong>collocare</strong></span> <span class='ocrx_word' id='word_1_110' title='bbox 728 2536 834 2654; x_wconf 85' lang='lat' dir='ltr'><strong>posse</strong></span> <span class='ocrx_word' id='word_1_111' title='bbox 863 2536 1012 2653; x_wconf 87' lang='lat' dir='ltr'><strong>sperem</strong></span> <span class='ocrx_word' id='word_1_112' title='bbox 1038 2595 1050 2618; x_wconf 83' lang='grc'><strong>.</strong></span> <span class='ocrx_word' id='word_1_113' title='bbox 1083 2536 1230 2634; x_wconf 81' lang='lat' dir='ltr'><strong>Novi,</strong></span> <span class='ocrx_word' id='word_1_114' title='bbox 1269 2534 1396 2621; x_wconf 83' lang='lat' dir='ltr'><strong>donet</strong></span> <span class='ocrx_word' id='word_1_115' title='bbox 1424 2558 1504 2622; x_wconf 86' lang='lat' dir='ltr'><strong>tani</strong></span> <span class='ocrx_word' id='word_1_116' title='bbox 1534 2536 1669 2622; x_wconf 75' lang='lat' dir='ltr'><strong>clara,</strong></span> 
     </span>
     <span class='ocr_line' id='line_1_16' title="bbox 142 2645 1768 2764; baseline -0.001 -27"><span class='ocrx_word' id='word_1_117' title='bbox 142 2654 260 2738; x_wconf 85' lang='lat' dir='ltr'><strong>nobis</strong></span> <span class='ocrx_word' id='word_1_118' title='bbox 285 2659 492 2762; x_wconf 82' lang='lat' dir='ltr'>obtingant</span> <span class='ocrx_word' id='word_1_119' title='bbox 517 2686 562 2743; x_wconf 89' lang='lat' dir='ltr'><strong>ea</strong></span> <span class='ocrx_word' id='word_1_120' title='bbox 588 2653 639 2742; x_wconf 92' lang='lat' dir='ltr'><strong>de</strong></span> <span class='ocrx_word' id='word_1_121' title='bbox 668 2682 712 2745; x_wconf 85' lang='lat' dir='ltr'><strong>ie</strong></span> <span class='ocrx_word' id='word_1_122' title='bbox 740 2664 1029 2755; x_wconf 88' lang='lat' dir='ltr'><strong>monumenta,</strong></span> <span class='ocrx_word' id='word_1_123' title='bbox 1057 2655 1178 2764; x_wconf 72' lang='lat' dir='ltr'><strong>quim</strong></span> <span class='ocrx_word' id='word_1_124' title='bbox 1201 2648 1301 2735; x_wconf 89' lang='lat' dir='ltr'><strong>Solis</strong></span> <span class='ocrx_word' id='word_1_125' title='bbox 1317 2645 1395 2738; x_wconf 84' lang='lat' dir='ltr'><strong>elle</strong></span> <span class='ocrx_word' id='word_1_126' title='bbox 1419 2655 1519 2740; x_wconf 90' lang='lat' dir='ltr'><strong>radii</strong></span> <span class='ocrx_word' id='word_1_127' title='bbox 1548 2676 1669 2764; x_wconf 85' lang='lat' dir='ltr'><strong>quoni</strong></span> <span class='ocrx_word' id='word_1_128' title='bbox 1759 2692 1768 2701; x_wconf 90' lang='lat'><strong>·</strong></span> 
     </span>
     <span class='ocr_line' id='line_1_17' title="bbox 17 2765 1709 2881; baseline 0 -31"><span class='ocrx_word' id='word_1_129' title='bbox 17 2812 33 2827; x_wconf 82' lang='lat'><em>,</em></span> <span class='ocrx_word' id='word_1_130' title='bbox 145 2767 288 2853; x_wconf 89' lang='lat' dir='ltr'><strong>sudum</strong></span> <span class='ocrx_word' id='word_1_131' title='bbox 317 2773 370 2857; x_wconf 84' lang='lat' dir='ltr'><strong>ell</strong></span> <span class='ocrx_word' id='word_1_132' title='bbox 394 2766 547 2872; x_wconf 79' lang='lat' dir='ltr'><strong>solent,</strong></span> <span class='ocrx_word' id='word_1_133' title='bbox 578 2794 623 2863; x_wconf 86' lang='lat' dir='ltr'><strong>it</strong></span> <span class='ocrx_word' id='word_1_134' title='bbox 647 2796 760 2862; x_wconf 89' lang='lat' dir='ltr'><strong>vetus</strong></span> <span class='ocrx_word' id='word_1_135' title='bbox 792 2774 889 2858; x_wconf 92' lang='lat' dir='ltr'><strong>olim</strong></span> <span class='ocrx_word' id='word_1_136' title='bbox 917 2771 1045 2856; x_wconf 90' lang='lat' dir='ltr'><strong>aiebat</strong></span> <span class='ocrx_word' id='word_1_137' title='bbox 1068 2773 1288 2866; x_wconf 74' lang='lat' dir='ltr'><strong>Comicus,</strong></span> <span class='ocrx_word' id='word_1_138' title='bbox 1314 2766 1425 2856; x_wconf 85' lang='lat' dir='ltr'><strong>litem</strong></span> <span class='ocrx_word' id='word_1_139' title='bbox 1454 2769 1577 2881; x_wconf 74' lang='lat' dir='ltr'><strong>isqui:</strong></span> <span class='ocrx_word' id='word_1_140' title='bbox 1606 2765 1670 2850; x_wconf 90' lang='lat' dir='ltr'><strong>so·</strong></span> <span class='ocrx_word' id='word_1_141' title='bbox 1706 2786 1709 2791; x_wconf 70' lang='lat'><strong><em>‘</em></strong></span> 
     </span>
     <span class='ocr_line' id='line_1_18' title="bbox 145 2884 1667 2998; baseline 0.001 -30"><span class='ocrx_word' id='word_1_142' title='bbox 145 2910 188 2968; x_wconf 89' lang='lat' dir='ltr'><strong>re</strong></span> <span class='ocrx_word' id='word_1_143' title='bbox 216 2884 460 2967; x_wconf 85' lang='lat' dir='ltr'><strong>subindice.</strong></span> <span class='ocrx_word' id='word_1_144' title='bbox 494 2891 677 2968; x_wconf 88' lang='lat' dir='ltr'><strong>Veneror</strong></span> <span class='ocrx_word' id='word_1_145' title='bbox 705 2893 838 2995; x_wconf 85' lang='lat' dir='ltr'><strong>itaque</strong></span> <span class='ocrx_word' id='word_1_146' title='bbox 863 2887 1152 2970; x_wconf 73' lang='lat' dir='ltr'><strong>Sandliffimum</strong></span> <span class='ocrx_word' id='word_1_147' title='bbox 1179 2887 1404 2993; x_wconf 76' lang='lat' dir='ltr'><strong>Martyron</strong></span> <span class='ocrx_word' id='word_1_148' title='bbox 1432 2905 1475 2973; x_wconf 86' lang='lat' dir='ltr'><strong>vt</strong></span> <span class='ocrx_word' id='word_1_149' title='bbox 1503 2889 1667 2998; x_wconf 88' lang='lat' dir='ltr'><strong>proptio</strong></span> 
     </span>
     <span class='ocr_line' id='line_1_19' title="bbox 149 2997 1668 3115; baseline -0.001 -30"><span class='ocrx_word' id='word_1_150' title='bbox 149 2998 314 3086; x_wconf 89' lang='lat' dir='ltr'><strong>tuendo</strong></span> <span class='ocrx_word' id='word_1_151' title='bbox 330 3026 384 3085; x_wconf 55' lang='lat' dir='ltr'><strong>ac&gt;</strong></span> <span class='ocrx_word' id='word_1_152' title='bbox 400 2999 680 3108; x_wconf 85' lang='lat' dir='ltr'><strong>promovendo</strong></span> <span class='ocrx_word' id='word_1_153' title='bbox 703 2999 830 3084; x_wconf 87' lang='lat' dir='ltr'><strong>cultui</strong></span> <span class='ocrx_word' id='word_1_154' title='bbox 855 3054 870 3102; x_wconf 87' lang='lat'>,</span> <span class='ocrx_word' id='word_1_155' title='bbox 919 2997 1058 3083; x_wconf 89' lang='lat' dir='ltr'><strong>nostris</strong></span> <span class='ocrx_word' id='word_1_156' title='bbox 1087 3022 1133 3082; x_wconf 87' lang='lat' dir='ltr'><strong>ea</strong></span> <span class='ocrx_word' id='word_1_157' title='bbox 1158 3004 1404 3113; x_wconf 83' lang='lat' dir='ltr'><strong>temporibus</strong></span> <span class='ocrx_word' id='word_1_158' title='bbox 1429 3002 1566 3115; x_wconf 84' lang='lat' dir='ltr'><strong>detegi</strong></span> <span class='ocrx_word' id='word_1_159' title='bbox 1596 3002 1668 3085; x_wconf 91' lang='lat' dir='ltr'><strong>be-</strong></span> 
     </span>
     <span class='ocr_line' id='line_1_20' title="bbox 153 3105 1668 3230; baseline 0.001 -31"><span class='ocrx_word' id='word_1_160' title='bbox 153 3121 295 3226; x_wconf 88' lang='lat' dir='ltr'><strong>nignus</strong></span> <span class='ocrx_word' id='word_1_161' title='bbox 327 3122 567 3226; x_wconf 84' lang='lat' dir='ltr'><strong>impertiat,</strong></span> <span class='ocrx_word' id='word_1_162' title='bbox 598 3112 700 3200; x_wconf 69' lang='lat' dir='ltr'><strong>ridie</strong></span> <span class='ocrx_word' id='word_1_163' title='bbox 727 3114 848 3214; x_wconf 78' lang='lat' dir='ltr'><strong>suos,</strong></span> <span class='ocrx_word' id='word_1_164' title='bbox 878 3110 919 3199; x_wconf 90' lang='lat' dir='ltr'><strong>id</strong></span> <span class='ocrx_word' id='word_1_165' title='bbox 943 3105 1237 3223; x_wconf 81' lang='lat' dir='ltr'><strong>ellHispanos,</strong></span> <span class='ocrx_word' id='word_1_166' title='bbox 1268 3145 1347 3230; x_wconf 90' lang='lat' dir='ltr'><strong>quo</strong></span> <span class='ocrx_word' id='word_1_167' title='bbox 1374 3111 1453 3228; x_wconf 87' lang='lat' dir='ltr'><strong>ipse</strong></span> <span class='ocrx_word' id='word_1_168' title='bbox 1485 3119 1668 3203; x_wconf 75' lang='lat' dir='ltr'><strong>hidlenus</strong></span> 
     </span>
     <span class='ocr_line' id='line_1_21' title="bbox 146 3230 1667 3344; baseline 0.003 -32"><span class='ocrx_word' id='word_1_169' title='bbox 146 3230 232 3317; x_wconf 85' lang='lat' dir='ltr'><strong>iure</strong></span> <span class='ocrx_word' id='word_1_170' title='bbox 261 3261 308 3321; x_wconf 87' lang='lat' dir='ltr'><strong>ae</strong></span> <span class='ocrx_word' id='word_1_171' title='bbox 338 3236 499 3318; x_wconf 88' lang='lat' dir='ltr'><strong>nomine</strong></span> <span class='ocrx_word' id='word_1_172' title='bbox 525 3231 672 3319; x_wconf 85' lang='lat' dir='ltr'><strong>censeri</strong></span> <span class='ocrx_word' id='word_1_173' title='bbox 706 3231 870 3334; x_wconf 79' lang='lat' dir='ltr'><strong>voluit,</strong></span> <span class='ocrx_word' id='word_1_174' title='bbox 904 3236 1195 3329; x_wconf 86' lang='lat' dir='ltr'><strong>immerentes,</strong></span> <span class='ocrx_word' id='word_1_175' title='bbox 1222 3231 1355 3344; x_wconf 87' lang='lat' dir='ltr'><strong>deque</strong></span> <span class='ocrx_word' id='word_1_176' title='bbox 1383 3232 1524 3321; x_wconf 88' lang='lat' dir='ltr'><strong>eodem</strong></span> <span class='ocrx_word' id='word_1_177' title='bbox 1547 3234 1667 3318; x_wconf 85' lang='lat' dir='ltr'><strong>amit·</strong></span> 
     </span>
     <span class='ocr_line' id='line_1_22' title="bbox 144 3342 1665 3462; baseline 0.001 -28"><span class='ocrx_word' id='word_1_178' title='bbox 144 3348 270 3434; x_wconf 86' lang='lat' dir='ltr'><strong>tendo</strong></span> <span class='ocrx_word' id='word_1_179' title='bbox 314 3342 501 3435; x_wconf 87' lang='lat' dir='ltr'><strong>sollicitos</strong></span> <span class='ocrx_word' id='word_1_180' title='bbox 540 3347 739 3451; x_wconf 79' lang='lat' dir='ltr'><strong>deserat3</strong></span> <span class='ocrx_word' id='word_1_181' title='bbox 780 3375 906 3460; x_wconf 90' lang='lat' dir='ltr'><strong>neque</strong></span> <span class='ocrx_word' id='word_1_182' title='bbox 938 3343 1107 3462; x_wconf 89' lang='lat' dir='ltr'><strong>amplius</strong></span> <span class='ocrx_word' id='word_1_183' title='bbox 1136 3343 1337 3458; x_wconf 80' lang='lat' dir='ltr'><strong>Hispania</strong></span> <span class='ocrx_word' id='word_1_184' title='bbox 1365 3353 1501 3438; x_wconf 86' lang='lat' dir='ltr'><strong>nollrae</strong></span> <span class='ocrx_word' id='word_1_185' title='bbox 1532 3366 1665 3439; x_wconf 82' lang='lat' dir='ltr'><strong>tantus</strong></span> 
     </span>
     <span class='ocr_line' id='line_1_23' title="bbox 149 3461 1061 3554; baseline -0.003 -6"><span class='ocrx_word' id='word_1_186' title='bbox 149 3461 272 3548; x_wconf 82' lang='lat' dir='ltr'><strong>foetus</strong></span> <span class='ocrx_word' id='word_1_187' title='bbox 297 3465 345 3549; x_wconf 92' lang='lat' dir='ltr'><strong>ab</strong></span> <span class='ocrx_word' id='word_1_188' title='bbox 369 3466 513 3553; x_wconf 86' lang='lat' dir='ltr'><strong>exteris</strong></span> <span class='ocrx_word' id='word_1_189' title='bbox 540 3467 777 3552; x_wconf 85' lang='lat' dir='ltr'><strong>Nationibus</strong></span> <span class='ocrx_word' id='word_1_190' title='bbox 806 3464 1061 3554; x_wconf 83' lang='lat' dir='ltr'><strong>invideatur.</strong></span> 
     </span>
    </p>

    <p class='ocr_par' dir='ltr' id='par_1_6' title="bbox 142 3575 1749 4164">
     <span class='ocr_line' id='line_1_24' title="bbox 226 3575 1667 3699; baseline 0.002 -36"><span class='ocrx_word' id='word_1_191' title='bbox 226 3647 233 3663; x_wconf 87' lang='lat'><strong>.</strong></span> <span class='ocrx_word' id='word_1_192' title='bbox 264 3584 402 3666; x_wconf 91' lang='lat' dir='ltr'><strong>Vnum</strong></span> <span class='ocrx_word' id='word_1_193' title='bbox 425 3580 451 3668; x_wconf 92' lang='lat' dir='ltr'><strong>si</strong></span> <span class='ocrx_word' id='word_1_194' title='bbox 481 3575 682 3697; x_wconf 82' lang='lat' dir='ltr'><strong>assequar,</strong></span> <span class='ocrx_word' id='word_1_195' title='bbox 713 3608 855 3695; x_wconf 86' lang='lat' dir='ltr'><strong>nempe</strong></span> <span class='ocrx_word' id='word_1_196' title='bbox 881 3587 1035 3686; x_wconf 79' lang='lat' dir='ltr'><strong>uthis,</strong></span> <span class='ocrx_word' id='word_1_197' title='bbox 1073 3603 1158 3699; x_wconf 88' lang='lat' dir='ltr'><strong>quae</strong></span> <span class='ocrx_word' id='word_1_198' title='bbox 1186 3606 1276 3669; x_wconf 84' lang='lat' dir='ltr'><strong>mox</strong></span> <span class='ocrx_word' id='word_1_199' title='bbox 1293 3578 1531 3670; x_wconf 84' lang='lat' dir='ltr'><strong>adducenda</strong></span> <span class='ocrx_word' id='word_1_200' title='bbox 1558 3580 1667 3682; x_wconf 73' lang='lat' dir='ltr'><strong>suni,</strong></span> 
     </span>
     <span class='ocr_line' id='line_1_25' title="bbox 152 3699 1665 3813; baseline 0.003 -34"><span class='ocrx_word' id='word_1_201' title='bbox 152 3700 372 3784; x_wconf 84' lang='lat' dir='ltr'>ratiociniis</span> <span class='ocrx_word' id='word_1_202' title='bbox 398 3699 772 3813; x_wconf 88' lang='lat' dir='ltr'><strong>&amp;responsionibus</strong></span> <span class='ocrx_word' id='word_1_203' title='bbox 799 3701 848 3788; x_wconf 93' lang='lat' dir='ltr'><strong>ad</strong></span> <span class='ocrx_word' id='word_1_204' title='bbox 873 3700 1215 3813; x_wconf 84' lang='lat' dir='ltr'><strong>blanchiniatque</strong></span> <span class='ocrx_word' id='word_1_205' title='bbox 1240 3699 1574 3789; x_wconf 83' lang='lat' dir='ltr'><strong>Adversariorum</strong></span> <span class='ocrx_word' id='word_1_206' title='bbox 1590 3701 1665 3784; x_wconf 90' lang='lat' dir='ltr'><strong>ob·</strong></span> 
     </span>
     <span class='ocr_line' id='line_1_26' title="bbox 144 3814 1749 3933; baseline 0 -35"><span class='ocrx_word' id='word_1_207' title='bbox 144 3817 276 3919; x_wconf 72' lang='lat' dir='ltr'><strong>issia,</strong></span> <span class='ocrx_word' id='word_1_208' title='bbox 318 3817 543 3930; x_wconf 81' lang='lat' dir='ltr'><strong>Sapientem</strong></span> <span class='ocrx_word' id='word_1_209' title='bbox 572 3820 724 3904; x_wconf 89' lang='lat' dir='ltr'><strong>animos</strong></span> <span class='ocrx_word' id='word_1_210' title='bbox 752 3825 793 3903; x_wconf 90' lang='lat' dir='ltr'><strong>in</strong></span> <span class='ocrx_word' id='word_1_211' title='bbox 822 3814 1086 3931; x_wconf 85' lang='lat' dir='ltr'><strong>Hispanorum</strong></span> <span class='ocrx_word' id='word_1_212' title='bbox 1121 3816 1358 3907; x_wconf 88' lang='lat' dir='ltr'><strong>sententiam</strong></span> <span class='ocrx_word' id='word_1_213' title='bbox 1392 3819 1663 3933; x_wconf 82' lang='lat' dir='ltr'><strong>propensiores</strong></span> <span class='ocrx_word' id='word_1_214' title='bbox 1745 3850 1749 3855; x_wconf 92' lang='lat'>·</span> 
     </span>
     <span class='ocr_line' id='line_1_27' title="bbox 146 3930 1660 4046; baseline 0.001 -31"><span class='ocrx_word' id='word_1_215' title='bbox 146 3930 353 4043; x_wconf 80' lang='lat' dir='ltr'><strong>efficiam,</strong></span> <span class='ocrx_word' id='word_1_216' title='bbox 398 3939 576 4046; x_wconf 88' lang='lat' dir='ltr'><strong>quamvis</strong></span> <span class='ocrx_word' id='word_1_217' title='bbox 602 3933 795 4018; x_wconf 87' lang='lat' dir='ltr'><strong>calculum</strong></span> <span class='ocrx_word' id='word_1_218' title='bbox 834 3938 983 4026; x_wconf 83' lang='lat' dir='ltr'><strong>interea</strong></span> <span class='ocrx_word' id='word_1_219' title='bbox 1023 3938 1291 4025; x_wconf 81' lang='lat' dir='ltr'><strong>decretorium</strong></span> <span class='ocrx_word' id='word_1_220' title='bbox 1326 3967 1404 4027; x_wconf 94' lang='lat' dir='ltr'><strong>non</strong></span> <span class='ocrx_word' id='word_1_221' title='bbox 1444 3935 1660 4024; x_wconf 85' lang='lat' dir='ltr'><strong>adiiciant:</strong></span> 
     </span>
     <span class='ocr_line' id='line_1_28' title="bbox 142 4047 1661 4164; baseline 0.002 -33"><span class='ocrx_word' id='word_1_222' title='bbox 142 4047 235 4135; x_wconf 90' lang='lat' dir='ltr'><strong>satis</strong></span> <span class='ocrx_word' id='word_1_223' title='bbox 270 4049 439 4164; x_wconf 85' lang='lat' dir='ltr'><strong>amplam</strong></span> <span class='ocrx_word' id='word_1_224' title='bbox 477 4050 574 4138; x_wconf 89' lang='lat' dir='ltr'><strong>mihi</strong></span> <span class='ocrx_word' id='word_1_225' title='bbox 608 4048 830 4136; x_wconf 87' lang='lat' dir='ltr'><strong>mercedem</strong></span> <span class='ocrx_word' id='word_1_226' title='bbox 862 4051 1043 4164; x_wconf 84' lang='lat' dir='ltr'><strong>obtigisse</strong></span> <span class='ocrx_word' id='word_1_227' title='bbox 1079 4078 1166 4134; x_wconf 88' lang='lat' dir='ltr'><strong>rear</strong></span> <span class='ocrx_word' id='word_1_228' title='bbox 1198 4074 1273 4160; x_wconf 92' lang='lat' dir='ltr'><strong>pro</strong></span> <span class='ocrx_word' id='word_1_229' title='bbox 1301 4051 1474 4164; x_wconf 87' lang='lat' dir='ltr'><strong>suscepti</strong></span> <span class='ocrx_word' id='word_1_230' title='bbox 1517 4053 1661 4140; x_wconf 89' lang='lat' dir='ltr'><strong>laboris</strong></span> 
     </span>
    </p>

    <p class='ocr_par' dir='ltr' id='par_1_7' title="bbox 118 4152 1663 4401">
     <span class='ocr_line' id='line_1_29' title="bbox 118 4152 1663 4282; baseline 0.001 -32"><span class='ocrx_word' id='word_1_231' title='bbox 118 4152 333 4255; x_wconf 59' lang='lat' dir='ltr'><strong>modulo.</strong></span> <span class='ocrx_word' id='word_1_232' title='bbox 365 4171 429 4253; x_wconf 88' lang='lat' dir='ltr'><strong>Sic</strong></span> <span class='ocrx_word' id='word_1_233' title='bbox 461 4177 576 4256; x_wconf 89' lang='lat' dir='ltr'><strong>enim</strong></span> <span class='ocrx_word' id='word_1_234' title='bbox 593 4167 661 4254; x_wconf 86' lang='lat' dir='ltr'><strong>fiet</strong></span> <span class='ocrx_word' id='word_1_235' title='bbox 687 4220 702 4270; x_wconf 81' lang='lat'>‚</span> <span class='ocrx_word' id='word_1_236' title='bbox 732 4187 777 4255; x_wconf 87' lang='lat' dir='ltr'><strong>rt</strong></span> <span class='ocrx_word' id='word_1_237' title='bbox 803 4192 934 4282; x_wconf 88' lang='lat' dir='ltr'><strong>neque</strong></span> <span class='ocrx_word' id='word_1_238' title='bbox 959 4164 1025 4254; x_wconf 89' lang='lat' dir='ltr'><strong>illa</strong></span> <span class='ocrx_word' id='word_1_239' title='bbox 1054 4164 1213 4254; x_wconf 87' lang='lat' dir='ltr'><strong>maioris</strong></span> <span class='ocrx_word' id='word_1_240' title='bbox 1237 4187 1316 4275; x_wconf 81' lang='lat' dir='ltr'><strong>pia</strong></span> <span class='ocrx_word' id='word_1_241' title='bbox 1343 4171 1428 4250; x_wconf 86' lang='lat' dir='ltr'><strong>aliis</strong></span> <span class='ocrx_word' id='word_1_242' title='bbox 1457 4170 1663 4279; x_wconf 87' lang='lat' dir='ltr'><strong>opinioni·</strong></span> 
     </span>
     <span class='ocr_line' id='line_1_30' title="bbox 145 4277 1661 4401; baseline -0.004 -31"><span class='ocrx_word' id='word_1_243' title='bbox 145 4285 216 4370; x_wconf 87' lang='lat' dir='ltr'><strong>bus</strong></span> <span class='ocrx_word' id='word_1_244' title='bbox 252 4284 541 4396; x_wconf 88' lang='lat' dir='ltr'><strong>probabilitatis</strong></span> <span class='ocrx_word' id='word_1_245' title='bbox 578 4284 707 4398; x_wconf 83' lang='lat' dir='ltr'><strong>gradu</strong></span> <span class='ocrx_word' id='word_1_246' title='bbox 737 4284 940 4386; x_wconf 77' lang='lat' dir='ltr'><strong>excidat,</strong></span> <span class='ocrx_word' id='word_1_247' title='bbox 981 4290 1020 4370; x_wconf 94' lang='lat' dir='ltr'><strong>in</strong></span> <span class='ocrx_word' id='word_1_248' title='bbox 1064 4311 1144 4401; x_wconf 92' lang='lat' dir='ltr'><strong>quo</strong></span> <span class='ocrx_word' id='word_1_249' title='bbox 1174 4277 1358 4396; x_wconf 72' lang='lat' dir='ltr'><strong>inspedlis</strong></span> <span class='ocrx_word' id='word_1_250' title='bbox 1397 4290 1661 4369; x_wconf 86' lang='lat' dir='ltr'><strong>monumentis</strong></span> 
     </span>
    </p>
   </div>
   <div class='ocr_carea' id='block_1_6' title="bbox 1608 304 2005 483">
    <p class='ocr_par' dir='ltr' id='par_1_8' title="bbox 1608 304 2005 483">
     <span class='ocr_line' id='line_1_31' title="bbox 1608 304 2005 483; baseline -0.003 0"><span class='ocrx_word' id='word_1_251' title='bbox 1608 373 1674 483; x_wconf 83' lang='lat'><strong>71</strong></span> <span class='ocrx_word' id='word_1_252' title='bbox 1770 360 1812 389; x_wconf 66' lang='lat'><em>²</em></span> <span class='ocrx_word' id='word_1_253' title='bbox 2001 304 2005 311; x_wconf 65' lang='grc'><strong>’</strong></span> 
     </span>
    </p>
   </div>
   <div class='ocr_carea' id='block_1_7' title="bbox 149 4371 1814 4491">
    <p class='ocr_par' dir='ltr' id='par_1_9' title="bbox 149 4371 1814 4491">
     <span class='ocr_line' id='line_1_32' title="bbox 149 4371 1814 4491; baseline -0.005 -4"><span class='ocrx_word' id='word_1_254' title='bbox 149 4406 333 4488; x_wconf 90' lang='lat' dir='ltr'><strong>omnibus</strong></span> <span class='ocrx_word' id='word_1_255' title='bbox 357 4401 407 4491; x_wconf 88' lang='lat' dir='ltr'><strong>ad</strong></span> <span class='ocrx_word' id='word_1_256' title='bbox 436 4430 583 4488; x_wconf 85' lang='lat' dir='ltr'><strong>annoni</strong></span> <span class='ocrx_word' id='word_1_257' title='bbox 602 4403 968 4490; x_wconf 87' lang='lat' dir='ltr'><strong>MDCDXXXlll.</strong></span> <span class='ocrx_word' id='word_1_258' title='bbox 997 4404 1165 4489; x_wconf 67' lang='lat' dir='ltr'><strong>detectis</strong></span> <span class='ocrx_word' id='word_1_259' title='bbox 1191 4424 1275 4486; x_wconf 88' lang='lat' dir='ltr'><strong>eain</strong></span> <span class='ocrx_word' id='word_1_260' title='bbox 1295 4398 1474 4488; x_wconf 77' lang='lat' dir='ltr'><strong>locavere</strong></span> <span class='ocrx_word' id='word_1_261' title='bbox 1501 4401 1661 4489; x_wconf 87' lang='lat' dir='ltr'><strong>Bollan-</strong></span> <span class='ocrx_word' id='word_1_262' title='bbox 1719 4433 1720 4437; x_wconf 12' lang='grc' dir='ltr'><strong><em>Ν</em></strong></span> <span class='ocrx_word' id='word_1_263' title='bbox 1808 4371 1814 4378; x_wconf 53' lang='grc'><strong>’</strong></span> 
     </span>
    </p>
   </div>
   <div class='ocr_carea' id='block_1_8' title="bbox 149 4511 1661 5228">
    <p class='ocr_par' dir='ltr' id='par_1_10' title="bbox 149 4511 1661 5228">
     <span class='ocr_line' id='line_1_33' title="bbox 149 4511 1660 4640; baseline -0.001 -40"><span class='ocrx_word' id='word_1_264' title='bbox 149 4515 260 4600; x_wconf 89' lang='lat' dir='ltr'><strong>diani</strong></span> <span class='ocrx_word' id='word_1_265' title='bbox 292 4522 427 4608; x_wconf 89' lang='lat' dir='ltr'><strong>Patres</strong></span> <span class='ocrx_word' id='word_1_266' title='bbox 455 4511 556 4640; x_wconf 84' lang='lat' dir='ltr'><strong>(a)3</strong></span> <span class='ocrx_word' id='word_1_267' title='bbox 589 4516 780 4635; x_wconf 81' lang='lat' dir='ltr'><strong>vetusque</strong></span> <span class='ocrx_word' id='word_1_268' title='bbox 808 4519 1077 4634; x_wconf 75' lang='lat' dir='ltr'><strong>Hispanorum</strong></span> <span class='ocrx_word' id='word_1_269' title='bbox 1105 4520 1156 4604; x_wconf 91' lang='lat' dir='ltr'><strong>de</strong></span> <span class='ocrx_word' id='word_1_270' title='bbox 1185 4519 1391 4605; x_wconf 89' lang='lat' dir='ltr'><strong>Laurentii</strong></span> <span class='ocrx_word' id='word_1_271' title='bbox 1413 4528 1536 4632; x_wconf 83' lang='lat' dir='ltr'><strong>patrii</strong></span> <span class='ocrx_word' id='word_1_272' title='bbox 1572 4514 1660 4631; x_wconf 88' lang='lat' dir='ltr'><strong>pos·</strong></span> 
     </span>
     <span class='ocr_line' id='line_1_34' title="bbox 149 4631 1660 4752; baseline 0 -34"><span class='ocrx_word' id='word_1_273' title='bbox 149 4632 256 4718; x_wconf 83' lang='lat' dir='ltr'><strong>seffio</strong></span> <span class='ocrx_word' id='word_1_274' title='bbox 283 4641 511 4752; x_wconf 81' lang='lat' dir='ltr'><strong>Sapientum</strong></span> <span class='ocrx_word' id='word_1_275' title='bbox 544 4638 674 4725; x_wconf 74' lang='lat' dir='ltr'><strong>edido</strong></span> <span class='ocrx_word' id='word_1_276' title='bbox 706 4678 734 4737; x_wconf 80' lang='lat' dir='ltr'><strong>,i</strong></span> <span class='ocrx_word' id='word_1_277' title='bbox 764 4661 946 4728; x_wconf 83' lang='lat' dir='ltr'><strong>veterum</strong></span> <span class='ocrx_word' id='word_1_278' title='bbox 973 4640 1170 4726; x_wconf 91' lang='lat' dir='ltr'><strong>Codicum</strong></span> <span class='ocrx_word' id='word_1_279' title='bbox 1207 4633 1285 4722; x_wconf 86' lang='lat' dir='ltr'><strong>fide</strong></span> <span class='ocrx_word' id='word_1_280' title='bbox 1317 4691 1331 4739; x_wconf 79' lang='lat'>,</span> <span class='ocrx_word' id='word_1_281' title='bbox 1363 4637 1561 4749; x_wconf 83' lang='lat' dir='ltr'><strong>longaique</strong></span> <span class='ocrx_word' id='word_1_282' title='bbox 1596 4631 1660 4718; x_wconf 83' lang='lat' dir='ltr'><strong>sr-</strong></span> 
     </span>
     <span class='ocr_line' id='line_1_35' title="bbox 151 4749 1660 4870; baseline 0.001 -36"><span class='ocrx_word' id='word_1_283' title='bbox 151 4749 333 4840; x_wconf 88' lang='lat' dir='ltr'><strong>tulorum</strong></span> <span class='ocrx_word' id='word_1_284' title='bbox 372 4757 622 4845; x_wconf 78' lang='lat' dir='ltr'><strong>consensione</strong></span> <span class='ocrx_word' id='word_1_285' title='bbox 652 4756 879 4861; x_wconf 87' lang='lat' dir='ltr'><strong>roborata,</strong></span> <span class='ocrx_word' id='word_1_286' title='bbox 924 4760 1038 4846; x_wconf 84' lang='lat' dir='ltr'><strong>noris</strong></span> <span class='ocrx_word' id='word_1_287' title='bbox 1077 4755 1279 4841; x_wconf 82' lang='lat' dir='ltr'><strong>blanchini</strong></span> <span class='ocrx_word' id='word_1_288' title='bbox 1308 4751 1466 4870; x_wconf 88' lang='lat' dir='ltr'><strong>eiusque</strong></span> <span class='ocrx_word' id='word_1_289' title='bbox 1494 4751 1660 4840; x_wconf 69' lang='lat' dir='ltr'><strong>sedito-</strong></span> 
     </span>
     <span class='ocr_line' id='line_1_36' title="bbox 149 4873 1143 4991; baseline 0.006 -39"><span class='ocrx_word' id='word_1_290' title='bbox 149 4893 236 4958; x_wconf 89' lang='lat' dir='ltr'><strong>iuin</strong></span> <span class='ocrx_word' id='word_1_291' title='bbox 262 4877 468 4962; x_wconf 86' lang='lat' dir='ltr'><strong>conatibus</strong></span> <span class='ocrx_word' id='word_1_292' title='bbox 494 4884 659 4962; x_wconf 89' lang='lat' dir='ltr'><strong>minime</strong></span> <span class='ocrx_word' id='word_1_293' title='bbox 682 4873 866 4960; x_wconf 83' lang='lat' dir='ltr'><strong>rideatur</strong></span> <span class='ocrx_word' id='word_1_294' title='bbox 895 4881 1143 4991; x_wconf 85' lang='lat' dir='ltr'><strong>interrupta.</strong></span> 
     </span>
     <span class='ocr_line' id='line_1_37' title="bbox 600 4980 1661 5097; baseline 0.005 -29"><span class='ocrx_word' id='word_1_295' title='bbox 600 5078 608 5089; x_wconf 40' lang='grc'>,</span> <span class='ocrx_word' id='word_1_296' title='bbox 750 5092 753 5097; x_wconf 17' lang='lat'><strong><em>¹</em></strong></span> <span class='ocrx_word' id='word_1_297' title='bbox 1546 4980 1661 5073; x_wconf 84' lang='lat' dir='ltr'><strong>Missa</strong></span> 
     </span>
     <span class='ocr_line' id='line_1_38' title="bbox 183 5116 1627 5228; baseline 0.002 -28"><span class='ocrx_word' id='word_1_298' title='bbox 183 5127 259 5224; x_wconf 84' lang='lat' dir='ltr'><strong>[a]</strong></span> <span class='ocrx_word' id='word_1_299' title='bbox 281 5133 421 5209; x_wconf 84' lang='lat' dir='ltr'><strong>Videndi</strong></span> <span class='ocrx_word' id='word_1_300' title='bbox 442 5138 480 5205; x_wconf 86' lang='lat' dir='ltr'><strong>ad</strong></span> <span class='ocrx_word' id='word_1_301' title='bbox 501 5135 587 5227; x_wconf 64' lang='lat' dir='ltr'><strong>ditm</strong></span> <span class='ocrx_word' id='word_1_302' title='bbox 606 5138 650 5213; x_wconf 83' lang='lat' dir='ltr'><strong>X·</strong></span> <span class='ocrx_word' id='word_1_303' title='bbox 677 5134 813 5228; x_wconf 72' lang='lat' dir='ltr'><strong>Augusti</strong></span> <span class='ocrx_word' id='word_1_304' title='bbox 836 5146 862 5213; x_wconf 76' lang='lat' dir='ltr'><strong>s.</strong></span> <span class='ocrx_word' id='word_1_305' title='bbox 882 5143 922 5211; x_wconf 85' lang='grc' dir='ltr'><strong>Χ.</strong></span> <span class='ocrx_word' id='word_1_306' title='bbox 948 5167 1026 5219; x_wconf 71' lang='lat' dir='ltr'><strong>nau.</strong></span> <span class='ocrx_word' id='word_1_307' title='bbox 1055 5157 1131 5215; x_wconf 79' lang='lat' dir='ltr'><strong>ree·</strong></span> <span class='ocrx_word' id='word_1_308' title='bbox 1150 5154 1180 5224; x_wconf 75' lang='lat' dir='ltr'><strong>§i</strong></span> <span class='ocrx_word' id='word_1_309' title='bbox 1200 5116 1261 5214; x_wconf 66' lang='grc' dir='ltr'><strong>ΧἸ.</strong></span> <span class='ocrx_word' id='word_1_310' title='bbox 1285 5166 1363 5216; x_wconf 79' lang='lat' dir='ltr'><strong>nutri·</strong></span> <span class='ocrx_word' id='word_1_311' title='bbox 1386 5148 1446 5213; x_wconf 86' lang='lat' dir='ltr'><em>Ill·</em></span> <span class='ocrx_word' id='word_1_312' title='bbox 1469 5142 1504 5212; x_wconf 67' lang='grc' dir='ltr'><strong>ἃ</strong></span> <span class='ocrx_word' id='word_1_313' title='bbox 1524 5133 1627 5221; x_wconf 70' lang='lat' dir='ltr'><strong>alibi,&#39;</strong></span> 
     </span>
    </p>
   </div>
   <div class='ocr_carea' id='block_1_9' title="bbox 0 0 2096 5904">
    <p class='ocr_par' dir='ltr' id='par_1_11' title="bbox 0 0 2096 5904">
     <span class='ocr_line' id='line_1_39' title="bbox 0 0 2096 5904; baseline 0 1"><span class='ocrx_word' id='word_1_314' title='bbox 0 0 2096 5904; x_wconf 95' lang='lat' dir='ltr'><strong> </strong></span> 
     </span>
    </p>
   </div>
  </div>
 </body>
</html>
