4184 5904
1897 302 1919 337 a.

403 598 647 682 vindiciarum
674 601 823 678 exitum
854 591 976 675 lacere
1006 590 1205 697 poterant,
1230 597 1374 676 abunde
1412 596 1634 689 instruiius,
1658 599 1807 677 suorum
1836 626 1928 678 caua
1966 626 2001 635 ··
2033 604 2037 609 '

403 702 477 778 sam
504 705 565 780 hic
595 705 692 780 sorte
724 702 881 798 magis,
911 721 1021 798 quam
1052 700 1139 774 alibi
1166 700 1407 786 inclinatam,
1438 725 1483 777 ac
1511 727 1613 802 paene
1643 706 1821 777 iacentem
1851 705 1929 778 eri·-
2069 724 2072 731 ·

404 806 564 902 gentiam
586 804 770 904 suscepit3
799 822 953 900 eamque
979 801 1028 875 ita
1059 805 1203 890 erexit,
1231 805 1266 880 8(
1292 800 1528 880 confirmavit
1555 859 1566 892 ,
1594 819 1634 877 vt
1661 799 1808 899 pristina
1827 804 1932 876 Gen·

406 907 454 980 tis
471 906 539 983 sure
566 911 646 983 iura
668 906 767 982 omni
792 927 838 978 ex
867 917 972 1001 parte
997 901 1272 1001 redintegrata,
1298 907 1447 980 immota
1478 908 1620 990 modo,
1647 906 1682 980 8(
1706 902 1811 979 firma
1839 930 1933 980 con.

405 1005 525 1081 sistere
555 1010 774 1086 videamus.
801 1002 994 1178 (Ψςιιῐά
1020 1004 1067 1077 ad
1092 1007 1278 1104 praeclare
1299 1005 1518 1082 defensionis
1544 1004 1810 1108 perfeilionem
1838 1031 1931 1081 con-

406 1106 509 1183 ferre
535 1112 658 1187 valuit
683 1105 835 1183 disseren
865 1107 875 1178 i
915 1106 1133 1182 exercitatio
1157 1107 1321 1208 ,iudicii
1345 1107 1540 1204 gravitas,
1566 1106 1750 1183 solidioris
1782 1108 1935 1184 critices

407 1211 523 1299 rsus,
549 1213 757 1310 linguarum
788 1207 971 1293 varietas,
996 1208 1213 1284 coniiciendi
1238 1208 1516 1309 perspicacitas,
1544 1226 1622 1284 tum
1649 1231 1744 1282 vero
1769 1208 1929 1283 maxime

406 1312 637 1389 historiarum
664 1311 874 1392 sacrarum,
900 1329 1097 1406 rerumque
1127 1309 1378 1407 liturgicarum
1398 1311 1562 1410 peritia,
1587 1325 1706 1386 totum
1731 1309 1768 1382 id
1797 1310 1843 1383 ad
1868 1333 1931 1381 ar.

409 1416 570 1514 gumentl
599 1429 767 1487 naturam
793 1410 890 1483 belle
915 1458 927 1492 ,
953 1410 988 1484 8(
1014 1410 1161 1510 copiose
1197 1409 1482 1487 accomodatum
1511 1411 1546 1486 in
1573 1410 1715 1484 Perezii
1755 1411 1935 1486 vindiciis·

409 1516 618 1616 conspicere
651 1515 763 1586 licet.
790 1510 868 1584 Nec
892 1505 980 1596 fiet,
1004 1512 1116 1588 credo
1143 1563 1154 1600 ,
1181 1537 1371 1612 unquam,
1397 1530 1437 1590 vt
1463 1511 1626 1587 adversa
1651 1510 1834 1587 sententio
1862 1513 1931 1584 Pa-

407 1619 538 1704 troni,
564 1614 651 1689 dum
679 1612 787 1685 etiam
806 1610 949 1695 velint,
977 1611 1138 1687 censendi
1164 1615 1200 1688 in
1217 1638 1262 1688 eo
1286 1614 1495 1701 licentiam,
1523 1615 1559 1690 8(
1588 1612 1824 1688 acerbitatem
1841 1636 1935 1709 que·

408 1735 561 1810 rantur3
588 1736 685 1813 qnos
712 1735 784 1809 ego
809 1711 929 1811 probe
955 1709 1061 1787 sciam
1085 1729 1188 1791 tanto
1213 1717 1313 1817 apud
1341 1715 1455 1813 ipsum
1482 1715 1516 1787 in
1542 1716 1714 1800 honore,
1740 1717 1776 1792 8(
1808 1713 1931 1789 exilii·

408 1822 570 1903 matione
597 1814 692 1901 esse,
717 1829 856 1912 quanto
881 1811 982 1908 digni
1011 1813 1153 1918 semper
1180 1833 1290 1891 erunt
1315 1816 1477 1891 sublimis
1496 1813 1696 1902 dobirinre,
1722 1817 1758 1892 8(
1784 1815 1936 1892 immor·

408 1924 494 1996 talis
523 1918 706 2019 sapientie
733 1915 827 2004 viri,
851 1916 887 1990 in
916 1914 1078 1989 omnium
1109 1942 1207 2008 ore,
1233 1921 1268 1995 8(
1296 1918 1539 1997 admiratione
1569 1916 1743 1992 eternum
1770 1914 1937 1991 viiluri.

407 2025 530 2099 Nemo
560 2045 633 2095 non
653 2015 805 2092 mirifice
827 2034 1057 2101 veneratur,
1085 2018 1120 2092 8(
1143 2020 1235 2094 colit
1250 2021 1373 2117 Magni
1397 2020 1500 2093 illius
1524 2018 1699 2114 Gregorii
1728 2016 1839 2093 nostri
1855 2017 1933 2090 Na·

407 2124 570 2200 nanzeni
597 2120 763 2193 divinum
791 2141 911 2218 prope
939 2139 1071 2193 nornen
1093 2132 1174 2194 toto
1202 2135 1384 2195 terrarum
1399 2123 1503 2196 Orbe
1528 2119 1786 2196 clarissimum:
1814 2119 1850 2191 in
1882 2141 1930 2193 eo

404 2244 559 2310 autem,
586 2220 690 2313 quod
718 2220 948 2321 cyprianum
976 2219 1012 2292 in
1043 2220 1215 2316 proxima
1244 2222 1405 2295 Orientis
1434 2222 1624 2319 regione,
1652 2219 1714 2293 sub
1742 2220 1932 2295 eiusdem„

406 2326 529 2403 saeculi
558 2323 731 2409 initium,
759 2319 890 2418 insigni
915 2319 1097 2420 martyrio
1134 2319 1298 2397 suabium
1328 2346 1463 2419 genere
1492 2323 1624 2396 fecerit
1650 2323 1934 2418 Carthaginien·

406 2430 504 2519 sem,
532 2424 746 2527 apertissime
777 2435 901 2495 tantus·
925 2418 1092 2495 Ecclesrae
1113 2420 1286 2519 Magister
1312 2424 1425 2498 hodie
1463 2424 1653 2510 reiicitur,
1683 2425 1720 2496 8(
1748 2425 1936 2523 improba·

405 2546 490 2605 tur.
517 2530 638 2623 anue
664 2523 717 2598 est
729 2523 954 2597 'sillemontii
980 2522 1180 2612 sententia,
1208 2523 1365 2598 mirabili
1383 2525 1632 2601 Providentiae
1665 2523 1733 2598 suae
1758 2525 1939 2625 exemplo

407 2628 605 2734 permisisse
630 2626 774 2712 Deum,
802 2641 842 2698 ut
867 2622 1052 2721 ingenium
1073 2647 1180 2698 omne
1212 2624 1247 2698 in
1276 2649 1395 2702 aevum
1418 2627 1671 2702 nobilissimum
1697 2626 1731 2699 in
1754 2629 1850 2703 hunc
1876 2648 1935 2699 er·

407 2753 537 2808 rorem
568 2729 783 2820 laberetur,
810 2752 830 2800 a
856 2749 933 2824 quo
961 2727 1029 2800 n'ec
1052 2723 1202 2799 Sanetus
1233 2726 1309 2824 ipse
1338 2729 1561 2801 Prudentius
1588 2727 1658 2801 sese
1683 2727 1840 2802 alienum
1868 2750 1935 2802 ex·

407 2832 529 2912 hibuit
551 2884 561 2905 .
587 2835 681 2931 Q
714 2855 734 2900 a
759 2851 817 2900 me
843 2825 938 2896 dista
967 2826 1036 2897 esse
1074 2827 1208 2920 cupio,
1235 2847 1281 2895 ne
1307 2828 1426 2921 quis,
1454 2827 1541 2900 dum
1582 2828 1718 2901 viderit
1744 2828 1930 2903 Petreium

409 2935 543 3037 paullo
577 2927 760 3003 interdum
785 2923 929 3009 acrius,
957 2945 998 2997 ac
1025 2923 1278 2998 vehementius
1307 2927 1486 3002 calamum
1513 2925 1688 3025 stringere
1716 2982 1727 3016 ,
1756 2931 1807 3003 uti
1834 2930 1931 3005 Scri·

408 3052 562 3138 prorum
590 3026 772 3126 plerisque
803 3051 875 3126 pro
901 3023 1004 3110 aris,
1032 3025 1067 3099 8(
1094 3023 1186 3100 focis
1214 3022 1486 3105 decertantibus
1517 3031 1685 3105 accidere
1714 3033 1848 3106 crebro
1875 3030 1936 3106 so.

411 3140 491 3222 let,
518 3129 801 3205 subterlabentes
828 3125 1030 3226 quosdam,
1056 3126 1093 3201 8(
1122 3126 1333 3227 inculpatos
1359 3133 1540 3207 orationis
1581 3135 1727 3209 aculeos
1758 3133 1849 3207 male
1878 3135 1933 3207 in·

408 3250 662 3333 terpretetur,
678 3229 813 3327 eosque
841 3227 965 3303 animo
993 3227 1155 3315 tribuat,
1182 3230 1245 3327 qui
1272 3230 1316 3303 de
1334 3231 1631 3307 adversariorum
1657 3235 1833 3332 dignitate
1856 3259 1933 3310 non

407 3340 493 3415 satis
522 3336 696 3432 preclare
724 3331 885 3406 sentiat.
911 3328 980 3402 Sed
1009 3352 1080 3424 age
1105 3358 1117 3422 ;
1144 3353 1259 3427 quum
1286 3357 1382 3433 opus
1415 3335 1577 3435 persedie
1605 3339 1834 3410 elaboratum
1862 3334 1930 3424 lrt,

408 3441 553 3536 suoque
570 3437 604 3507 se
631 3435 763 3508 merito
793 3428 1121 3508 commendandum
1150 3433 1349 3522 exhibeat,
1377 3461 1420 3512 ac
1450 3436 1539 3511 nibil
1570 3456 1747 3537 praterea
1777 3437 1929 3536 vsquam

410 3542 626 3623 contineat,
652 3535 755 3635 quod
783 3559 866 3612 cum
896 3534 1119 3609 orthodoxae
1136 3534 1230 3606 Fidei
1259 3536 1442 3624 decretis,
1468 3564 1624 3636 cumque
1654 3538 1854 3614 christiane
1881 3539 1933 3611 in·

412 3639 610 3719 stitutionis
639 3639 781 3733 legibus
810 3661 884 3708 non
913 3630 1081 3728 apprimd
1110 3631 1331 3716 consentiat,
1360 3637 1492 3708 Patriis
1520 3640 1629 3710 Divis
1657 3643 1749 3710 bene
1778 3639 1935 3710 faventi.

414 3746 483 3819 bus
513 3739 548 3812 in
573 3755 737 3837 optatam
754 3733 847 3806 illud
871 3729 985 3829 ipsum
1010 3730 1127 3803 lucem
1156 3727 1369 3830 tempestive
1398 3735 1578 3835 prodeat,
1604 3738 1639 3812 8(
1665 3736 1857 3827 secundis,
1884 3740 1934 3814 src

413 3846 508 3922 enim
536 3860 728 3934 auguror,
753 3848 881 3908 vtatur
910 3829 1102 3928 auspiciis.

413 3931 425 3949 ³
513 3941 637 4037 Roma
666 3960 714 4011 ex
742 3933 878 4010 edibus
905 3934 938 4007 S.
964 3930 1157 4030 Augustini
1178 3932 1275 4033 prid.
1300 3935 1353 4012 ld.
1376 3936 1442 4012 lul.
1475 3941 1520 4014 Α.
1548 3963 1721 4030 nuceum.

576 4140 636 4220 fr.
655 4136 882 4239 Augustinus
899 4138 1081 4214 Antonius
1099 4136 1233 4231 Georgi
1258 4141 1354 4214 Ord.
1373 4143 1488 4224 Ereta.
1514 4141 1668 4244 ejusdem
1684 4146 1724 4219 S.
1740 4143 1941 4246 Aaprrstint

705 4237 881 4321 Publicus
905 4238 944 4308 in
974 4235 1076 4314 Rom.
1101 4237 1388 4343 Archigymrrafio
1413 4245 1612 4348 Scriptura·
1640 4248 1762 4347 datm
1787 4246 1937 4338 sebar,

707 4340 869 4447 &dan
897 4335 987 4456 R!
1015 4334 1233 4440 consultor,
