4184 5904
567 567 617 654 Te
648 565 788 653 Paulus
816 563 909 652 iim
935 564 1202 661 exterminat,

622 684 672 768 Te
681 683 845 799 strugois
869 679 1056 768 exturbat
1082 679 1187 763 Petri
1207 703 1223 785 3

624 800 716 887 Tibi
739 805 786 889 id
808 797 908 912 quod
932 780 1016 913 ipsi
1041 817 1265 887 armaveras

617 917 775 1010 Fadium
806 915 980 1002 Neronis
1008 912 1151 1029 officit.

276 1147 417 1248 Sensus
451 1157 673 1265 posterioris
700 1153 874 1266 strophas
900 1149 955 1237 eu
983 1173 994 1230 ε
1026 1149 1189 1269 Discede
1213 1155 1364 1265 impare
1393 1153 1569 1268 lapiter3
1597 1182 1669 1244 mre
1689 1153 1794 1241 modi

275 1281 380 1366 euim
401 1281 585 1385 perpetui
611 1272 730 1388 osores
763 1291 884 1382 atque
909 1263 1021 1382 tostos
1046 1274 1112 1359 toi
1135 1275 1271 1357 Petras
1299 1324 1315 1371 ,
1344 1280 1399 1369 cr
1429 1274 1572 1361 Paulas
1598 1294 1614 1373 3
1637 1268 1716 1389 sed
1739 1272 1796 1370 θ’

277 1390 361 1511 ipso
384 1393 456 1500 qui
473 1411 515 1476 te
541 1392 631 1475 olim
654 1389 796 1476 eximii
818 1386 937 1473 coluit
958 1387 1065 1475 Nero
1088 1442 1104 1489 ,
1132 1390 1272 1499 cuique
1301 1391 1472 1474 immam
1504 1385 1698 1502 causalium
1721 1415 1793 1474 ue-

277 1516 334 1602 ris
355 1509 511 1595 ilimum
527 1503 755 1620 irrspirosti,
775 1504 932 1643 polimus
959 1524 1004 1601 re
1024 1506 1192 1618 prorui,
1217 1522 1337 1617 atque
1360 1509 1529 1648 eiiriont
1538 1503 1661 1604 Vrbe3
1690 1510 1798 1589 iam·

278 1617 920 1848 {trististristis
938 1616 1673 1837 tertianarum
1698 1647 1799 1840 §⁰33

279 1853 486 1943 lustranda
512 1853 658 1943 scilicet
682 1849 894 1963 triumphis
912 1853 1039 1958 Vrbi,
1068 1851 1183 1939 licent
1211 1850 1409 1938 Merenda
1436 1851 1609 1952 elicere,
1638 1877 1719 1937 non
1738 1849 1801 1937 se-

280 1999 347 2058 cus
361 1999 404 2056 ac
418 1971 548 2057 Duces
566 1972 678 2076 illue,
694 1971 956 2061 Laurentium
979 1966 1107 2081 patrii
1130 1971 1355 2055 Romanum
1372 1959 1507 2056 soille:
1539 1994 1628 2053 cunr
1651 1966 1676 2051 *e
1700 1994 1803 2052 con·

283 2093 434 2187 traria,
465 2086 647 2197 pellendo
674 2112 834 2207 quoque
862 2083 913 2169 ab
939 2086 1050 2172 Vrbe
1079 2088 1168 2173 lori
1198 2112 1290 2174 cum
1322 2086 1450 2170 Beatis
1478 2078 1675 2196 Apostolis
1702 2110 1801 2169 con-

282 2209 388 2289 iuret
413 2206 566 2310 Nero,
604 2204 736 2296 licebit
764 2202 876 2284 nobis
902 2200 1043 2289 itidem
1069 2220 1139 2288 aut
1171 2196 1263 2284 illos
1291 2199 1420 2311 patrii
1444 2203 1688 2297 Romanos,
1728 2220 1797 2287 aut
1850 2226 1854 2231 ·

280 2320 383 2406 hooc
410 2320 646 2425 Galilaum,
674 2322 754 2408 sure
776 2312 1002 2404 Tarsensem
1026 2313 1181 2404 facere.
1212 2314 1292 2401 Sed
1314 2312 1466 2403 ludicra
1494 2316 1574 2404 bac
1602 2309 1725 2403 sunt.

623 2577 813 2691 CA
890 2575 1202 2689 PVJT
1316 2575 1444 2686 VII.

345 2826 554 2936 Solvitur
574 2841 828 2967 precipuum
854 2829 1095 2933 Blouobiui
1125 2862 1416 2968 argumentum
1444 2866 1500 2933 ex
1531 2828 1766 2972 Vorouenfi

720 2969 1063 3073 Sacramentario
1090 2967 1382 3105 desumptam.
1753 2969 1755 2972 ’

290 3250 462 3566 H
480 3243 654 3327 narnus
693 3236 928 3328 ferentarioe
960 3236 1115 3328 tantirnr
1144 3239 1393 3355 hastatosque
1434 3238 1520 3333 suot
1561 3252 1601 3331 in
1646 3254 1807 3335 acient.-

492 3357 724 3443 Blanchinus
754 3356 925 3459 eduxit,
954 3375 1059 3441 ratus
1084 3353 1142 3440 vti
1176 3383 1255 3465 ego
1280 3358 1453 3445 arbitror
1486 3360 1641 3448 velitari
1673 3363 1812 3476 praelio

495 3471 698 3586 negotium
736 3466 958 3561 uniuersum
986 3469 1314 3581 transgendurn,
1360 3500 1488 3586 neque
1519 3500 1619 3584 opus
1656 3481 1693 3560 ei
1724 3476 1808 3564 fore
1914 3468 1920 3479 ’

297 3613 342 3677 vt
369 3589 520 3676 collatis
545 3589 660 3702 signis
692 3587 926 3703 confligeret
951 3646 962 3669 .
994 3587 1115 3671 Nunc
1144 3587 1364 3702 postquam
1382 3588 1514 3702 paullo
1543 3595 1695 3679 acriore
1725 3590 1809 3677 nisu

301 3718 480 3819 pugnaui
506 3706 769 3818 redintegrari
795 3702 1105 3794 animadvertit:
1121 3711 1276 3792 triarios
1302 3704 1675 3819 mtaphraiiosque,
1707 3706 1813 3794 bello

296 3822 332 3909 sc
345 3825 452 3912 ilicet
486 3820 661 3915 viridam
689 3825 879 3910 virtutem
906 3821 1019 3922 ciet,
1058 3849 1175 3935 quarn
1200 3821 1482 3911 confertissimo
1510 3830 1667 3936 agmine
1699 3824 1812 3913 nobis

307 3941 504 4044 obiiciat3
533 3969 606 4026 nec
632 3959 792 4036 tamen,
823 3961 868 4023 vt
898 3941 996 4019 varii
1021 3936 1110 4022 sunt
1136 3934 1329 4024 bellorum
1356 3949 1517 4042 exitur,
1548 3938 1809 4031 subfidiariam

296 4059 528 4145 intermittit
556 4056 761 4142 cohortem
789 4107 804 4155 ,
842 4077 926 4163 qua
953 4048 1149 4135 laboranti
1178 4048 1294 4136 militi
1323 4053 1555 4163 opportune
1583 4059 1807 4145 succurrat.

297 4175 451 4281 Magno
483 4176 615 4284 itaque
647 4173 761 4261 nobis
797 4194 896 4286 opus
929 4168 985 4254 esi
1012 4163 1132 4269 nisu,
1162 4162 1189 4247 sr
1217 4166 1379 4283 quidem
1407 4189 1542 4258 tantus
1567 4169 1809 4261 sustinendus

303 4289 357 4375 est
388 4293 576 4402 impetus.
980 4298 982 4303 ’
1583 4313 1586 4317 ·

416 4400 654 4493 Prorniserat
685 4399 722 4487 se
749 4404 860 4487 nobis
886 4407 929 4486 in
952 4430 1002 4486 eo
1029 4397 1137 4514 quod
1165 4401 1349 4512 pracesfit
1373 4405 1810 4515 argumentosslanchi·

297 4552 369 4610 nus
400 4521 675 4608 illustratorum
706 4517 911 4603 Prudentii
945 4516 1166 4601 testimonia
1193 4516 1243 4602 dc
1271 4517 1478 4605 Laurentii
1512 4530 1677 4633 patria,
1720 4550 1807 4637 quac
1880 4552 1883 4556 ⁴

299 4637 527 4725 subobscura
561 4632 639 4723 esse
672 4663 750 4722 non
786 4629 1015 4726 diffitetur.
1050 4636 1187 4750 Pergit
1218 4629 1382 4721 subinde
1411 4638 1539 4724 Vrbes
1570 4668 1803 4729 enumerans

298 4783 382 4869 quac
410 4756 459 4841 de
490 4754 653 4838 Homeri
681 4753 808 4866 patrii
834 4748 1123 4851 contendunt3
1154 4753 1193 4832 St
1223 4776 1303 4834 non
1329 4748 1514 4837 dissimile
1545 4753 1598 4841 de
1629 4741 1806 4844 Lauren*-

301 4885 364 4957 rio
386 4891 581 4958 certanren
614 4869 692 4956 esse
729 4869 891 4964 innuit,
921 4864 1018 4951 dum
1051 4866 1316 4981 unusquisque
1348 4871 1569 4978 Martyrem
1597 4871 1803 4960 invictissi-

302 5018 408 5075 mum
439 4987 507 5072 tibi
533 4989 716 5100 expetit,
743 4980 918 5098 pro-suo
947 4983 1149 5072 vindicat.
1183 4982 1260 5071 Hic
1284 5004 1419 5105 autem
1443 4985 1599 5073 nonihil
1630 5018 1809 5076 connino-

1713 5126 1810 5211 tusa
