4156 5910
391 525 493 613 dicis
524 528 948 630 Palatino-Vaticani,
973 557 1097 642 quem
1126 524 1174 616 ad
1193 554 1337 618 anuum
1364 529 1669 616 DCCCXXVI.
1695 523 1908 644 conscrip⁴

390 660 480 729 tum
517 641 629 728 fuisse
656 642 826 728 diximus
852 671 869 751 :¹
893 672 944 728 an
977 650 1144 733 demum
1174 644 1360 732 Anastasri
1398 643 1610 758 synchroni
1642 647 1765 731 -Pet-ro
1794 653 1912 755 ,Dra-

391 786 525 856 couo,
558 781 603 843 ut
622 764 904 864 conficimus,
937 770 1107 852 auctoris
1137 764 1402 866 testimonia,
1432 772 1541 876 queis
1570 765 1757 848 Damasus
1775 762 1911 848 diser-

394 868 540 960 uffime
570 869 768 989 Hispanus
798 877 980 980 diei-tur,
1013 903 1226 993 vtrumque
1257 883 1360 965 hunc
1389 883 1632 995 scriptorem
1656 882 1829 966 omnino
1853 876 1917 964 la·

391 987 509 1077 tuisse
539 989 750 1079 volumus?
774 992 803 1104 2(
819 998 983 1092 Mitto,
1013 996 1041 1081 sr
1073 1025 1148 1114 qua
1174 996 1225 1083 de
1251 995 1390 1083 eodem
1422 1020 1658 1109 argumento
1685 1001 1914 1085 Veterum,

389 1104 536 1222 scripta
568 1129 665 1193 tunc
695 1114 894 1221 temporis
924 1122 1097 1201 extantia
1124 1114 1173 1201 ad
1205 1115 1378 1201 nostram
1410 1133 1561 1201 atatem
1595 1143 1683 1201 non
1715 1139 1917 1224 perrene-

389 1242 489 1310 rz'unt
517 1245 630 1322 ‚aut
655 1220 784 1338 arsque
811 1227 852 1311 in
886 1227 1140 1319 bibliothecis
1164 1229 1295 1318 latent
1322 1234 1371 1351 .)
1410 1235 1495 1318 Aut
1517 1231 1601 1316 -sre
1628 1236 1833 1317 contrario
1857 1255 1914 1313 ea

389 1346 526 1428 omnia
561 1335 759 1454 perspecta
785 1343 1005 1434 habuere:
1051 1376 1133 1464 quo
1170 1355 1287 1461 padio
1322 1347 1533 1436 Damasum
1573 1349 1717 1434 nedum
1747 1340 1909 1458 privati

389 1455 465 1572 ipfi
497 1462 688 1569 opinione
714 1458 944 1547 Romanum
962 1467 1128 1554 credere
1149 1517 1166 1565 2
1188 1464 1259 1551 sed
1289 1466 1470 1575 palarne
1498 1463 1676 1580 suggestu
1702 1461 1907 1576 frequenti

391 1573 531 1688 populi
568 1578 788 1681 concione,
819 1597 938 1692 atque
965 1581 1082 1669 editis
1112 1585 1228 1671 etiam
1255 1580 1363 1668 libris
1392 1609 1641 1699 propagare3
1670 1578 1765 1677 seu,
1795 1572 1912 1690 quod

389 1691 536 1780 eisdem
562 1693 700 1793 redit,
732 1687 945 1782 secundum
962 1699 1204 1788 Pontificum
1220 1697 1473 1813 catalogum,
1504 1719 1624 1810 atque
1650 1693 1907 1793 Anastasrum,
2023 1807 2025 1811 ‚

392 1805 628 1921 ueteresque
664 1807 763 1893 alios
779 1810 950 1898 Codices
978 1816 1222 1904 contrarium
1252 1810 1464 1904 asserentes
1490 1814 1733 1930 proscribere
1759 1839 1803 1898 ac
1825 1807 1910 1893 dis·

386 1922 533 2011 samare
556 1923 631 2010 aufi
650 1920 846 2033 fuissent-²
879 1931 1073 2020 Praeterea
1101 1930 1269 2034 sruulli,
1292 1963 1409 2049 quem
1424 1941 1683 2031 noverimus,
1704 1927 1911 2039 antiquio-

389 2046 426 2126 ri
457 2059 524 2126 aut
544 2038 774 2153 synchrono
798 2044 994 2157 Scriptori
1012 2055 1052 2135 in
1081 2069 1257 2139 mentem
1282 2051 1431 2165 uspiam
1461 2054 1569 2141 venit
1599 2042 1809 2136 Damasum
1827 2044 1918 2130 Ro·

392 2185 552 2245 manum
572 2154 727 2247 facere:
754 2191 840 2276 quo
865 2170 983 2277 paeto
1000 2195 1334 2263 courararoraa
1365 2172 1529 2258 verbum
1546 2221 1561 2269 ,
1580 2193 1735 2253 necnon
1763 2185 1916 2247 comma

391 2300 483 2360 vua
508 2301 686 2362 oaurros
717 2306 874 2365 raram
904 2310 955 2365 eo
970 2281 1146 2393 respectu
1164 2287 1213 2368 ab
1229 2289 1288 2371 his
1301 2289 1544 2374 Auctoribus
1562 2287 1703 2398 scripta
1726 2299 1795 2365 aut
1818 2304 1915 2391 pro·

390 2388 472 2476 lata
492 2387 608 2476 fuisse
626 2390 817 2478 credibile
835 2393 920 2496 est,
944 2397 1054 2506 quasa
1077 2421 1242 2508 uterque
1257 2404 1440 2486 Sanctum
1460 2398 1696 2487 Pontificem
1717 2395 1913 2483 edeuun·

396 2513 565 2592 tiatioue
592 2508 846 2612 Romanum,
877 2507 986 2625 arque
1015 2539 1060 2596 ac
1091 2511 1355 2598 Laurentium
1387 2515 1656 2598 intellexerit?
1784 2576 1786 2580 ,
1927 2590 1936 2603 .

513 2622 719 2725 Vlteriirs,
749 2625 850 2711 aaa
876 2624 929 2713 de
958 2628 1098 2742 quibus
1127 2630 1279 2742 agimus
1309 2628 1453 2713 Romae
1482 2628 1626 2741 scripta
1652 2627 1795 2728 fuere,
1826 2629 1916 2713 Ro-

396 2739 608 2854 uranosque
639 2748 754 2827 ineis
782 2739 931 2860 alloqui
958 2740 1078 2857 plane
1102 2745 1265 2833 videtur
1291 2742 1465 2857 ipsorum
1483 2747 1665 2846 Audor,
1689 2768 1735 2832 ut
1756 2772 1800 2830 ex
1820 2742 1914 2827 srm-

397 2859 494 2974 plici
525 2857 703 2944 locorum
732 2858 854 2946 Vrbis
892 2869 932 2946 in
968 2863 1118 2973 quibus
1148 2860 1331 2944 nonnulla
1374 2861 1397 2942 ai
1431 2858 1599 2944 Damaso
1629 2862 1732 2966 gesta
1759 2886 1915 2941 memo-

396 2998 534 3063 rantur
564 2974 865 3087 designatione,
896 3002 1012 3090 quam
1037 2977 1128 3062 alias
1159 3002 1277 3063 nemo
1300 2973 1370 3062 nisa
1402 2973 1604 3089 Romanus
1634 2991 1700 3056 aut
1730 2981 1769 3057 in
1800 2974 1910 3057 Vrbe

397 3093 575 3183 uersatus
605 3092 905 3200 intellexisset,
938 3091 1184 3183 manifestum
1209 3090 1299 3178 esi.
1330 3090 1529 3178 Consulti>
1565 3093 1693 3204 aliqua
1717 3096 1910 3176 Ariorum

396 3212 481 3300 loca
510 3213 717 3326 irregioue
743 3210 993 3298 adiunximus
1011 3210 1104 3329 (a).
1135 3212 1323 3296 baronius
1370 3236 1496 3321 uoque
1513 3264 1530 3312 ‚
1548 3227 1592 3296 vt
1608 3207 1699 3292 alibi
1726 3207 1913 3305 diximus,

399 3359 447 3417 ea
481 3340 525 3419 a'rr
554 3327 713 3444 Ecclafia
737 3334 830 3421 olim
860 3336 1025 3419 recitari
1033 3326 1162 3444 solita
1178 3325 1300 3442 fhiffe
1323 3239 1453 3414 alsam
1476 3379 1490 3425 ‚
1514 3325 1625 3439 quod
1653 3352 1731 3436 ego
1761 3325 1811 3410 de
1839 3328 1915 3410 Ra-

401 3473 537 3536 mana.
559 3452 803 3558 interpretor
828 3503 842 3551 ,
874 3447 968 3532 alitis
993 3440 1274 3557 particularem
1312 3440 1379 3530 ille
1408 3435 1912 3554 Ecclesnnuefignaua.

402 3567 605 3654 Praeterea
629 3566 770 3652 Petrus
795 3561 863 3650 ille
890 3560 1126 3676 Apollolicae
1148 3560 1260 3648 Sedis
1284 3562 1519 3660 Diaconus,
1551 3561 1754 3647 Romanus
1782 3555 1916 3672 prose-

401 3683 505 3783 ab,
534 3681 666 3769 saltem
697 3682 817 3770 Vrbis
847 3679 979 3765 incola
1009 3677 1117 3778 suit,
1146 3693 1262 3762 utex
1291 3672 1406 3787 ipsius
1431 3679 1556 3789 gradu
1579 3704 1623 3761 ac
1651 3675 1913 3785 dignitate)

399 3799 562 3912 liquat,
593 3797 700 3885 locus
735 3823 784 3881 eac
813 3823 895 3908 quo
923 3791 1138 3884 sermonem
1174 3789 1226 3878 de
1253 3789 1428 3880 Damaso
1463 3792 1600 3878 babuit
1638 3793 1915 3878 Laurentina

399 3915 563 3999 bullica
594 3911 796 4025 suggestus
822 3959 836 4011 2
876 3934 1056 4002 centrum
1092 3908 1283 3999 'videlicet
1313 3908 1434 3995 Vrbis
1461 3931 1476 4013 3
1505 3935 1627 4024 quare
1656 3910 1914 3995 Romanam,

404 4032 660 4141 omniumque
691 4029 877 4116 ordinum
909 4039 1143 4119 concionem
1170 4026 1285 4115 suisse
1316 4025 1468 4114 necesse
1493 4028 1584 4114 ess:
1615 4051 1696 4138 quo
1720 4027 1819 4139 ergb
1841 4052 1917 4139 pa·

402 4156 471 4240 eto
494 4149 635 4241 Petrus
665 4145 734 4241 ille
762 4146 969 4237 Diaconus
1001 4172 1124 4261 atque
1152 4148 1346 4235 Actorum
1374 4146 1586 4261 Scriptor,
1616 4143 1789 4230 Romani
1827 4167 1917 4341 eppa

442 4486 506 4569 (θ)
530 4533 556 4570 22
577 4482 623 4556 Et
639 4483 795 4556 habitarit
816 4490 993 4574 (Liberius)
1011 4489 1131 4566 extri,
1190 4530 1217 4571 ‚,
1241 4488 1412 4559 Ecclesiam
1433 4487 1466 4556 S.
1489 4485 1572 4559 Patri
1592 4481 1730 4575 expiavit
1754 4480 1855 4550 locum
1876 4472 1913 4578 ll·

405 4624 432 4663 „
459 4576 604 4647 milliario
623 4581 714 4646 tertio
736 4579 767 4644 in
786 4582 966 4650 coemeterio
987 4577 1133 4670 quoddl7
1189 4583 1307 4661 „lum
1345 4582 1399 4671 qui
1427 4579 1472 4647 est
1501 4582 1540 4646 ad
1566 4581 1704 4648 dextram
1730 4572 1916 4642 lutroeuou·

403 4715 432 4751 „
451 4669 535 4737 citur
554 4671 669 4741 Nobila
690 4718 703 4754 ,
727 4667 778 4738 rid
799 4671 935 4740 salaria.
960 4680 1041 4745 Afla
1064 4668 1133 4738 De·
1191 4714 1219 4753 „
1244 4673 1300 4740 bus
1325 4670 1489 4740 Basrlicam
1511 4673 1546 4738 S.
1566 4669 1671 4738 Petri.
1696 4675 1827 4756 rav-pag·
1842 4675 1924 4763 4⁶⁰.

403 4765 475 4849 raras
489 4784 538 4847 ap.
561 4764 700 4831 Sarazan.
711 4784 788 4853 pag.
811 4783 868 4845 ῃ.
1256 4810 1283 4846 ,,
1310 4764 1438 4857 Qibus
1464 4785 1631 4829 occurrens
1651 4757 1803 4831 Damalirs
1826 4771 1923 4821 acub

469 4900 499 4935 „
523 4853 599 4922 Erat
621 4874 723 4922 autern
746 4875 806 4919 uon
823 4855 917 4941 louge
939 4857 957 4922 *a
982 4871 1132 4922 coeurete-
1189 4899 1216 4937 „
1239 4858 1348 4924 caudas
1372 4852 1520 4940 reliquias
1550 4854 1632 4934 (85.
1655 4858 1769 4921 Iuliani
1791 4845 1829 4920 (5‘
1853 4848 1923 4911 Cae·

405 4986 431 5022 ‚,
455 4943 501 5010 rio
522 4944 645 5013 Noillae
669 4945 880 5017 coenreterirun
904 4943 1138 5021 Ostriauum·
1195 4993 1223 5029 „
1238 4951 1336 5036 smil)
1360 4946 1397 5013 ad
1415 4943 1566 5014 Palatium
1590 4945 1687 5034 vsque
1708 4938 1860 5007 deducens
1877 4931 1928 4997 ln·
2040 5012 2042 5017 ,

403 5036 480 5101 W·
501 5055 578 5120 θῦε·
603 5060 661 5116 45·
1198 5085 1225 5122 „
1249 5036 1295 5104 fra
1313 5033 1477 5119 imperiale
1506 5036 1690 5103 cubiculum
1711 5023 1931 5100 verrerabil'ittt
2023 5077 2026 5081 .

463 5167 494 5209 ‚2
518 5123 561 5192 Et
586 5125 637 5195 dic
656 5125 751 5196 tenio
778 5125 905 5219 aculeus
928 5125 1083 5198 Damasus
1103 5126 1141 5196 ad
1204 5174 1232 5213 „
1255 5123 1450 5197 recondidit.
1480 5133 1527 5198 lb.
1547 5148 1624 5217 pag.
1648 5145 1700 5204 ςο.
