4156 5910
407 549 525 667 supra
554 554 778 640 dicebamus
808 558 819 637 ἱ
864 547 1023 643 Saniesr
1056 553 1155 640 nihil
1182 555 1290 643 aliud
1317 580 1393 670 pro
1419 555 1594 643 eiusdem
1634 561 1932 673 antiquitate.)¹

407 672 544 761 afferri
575 666 702 781 pollet
730 724 745 771 ,
773 697 849 775 una
879 671 1035 758 Damasr
1067 680 1152 758 vita
1179 670 1204 755 a
1231 677 1450 762 benedicto
1479 674 1722 784 Presbytero
1748 678 1933 763 conscri-

281 828 288 838 ·
407 812 511 903 pta,
536 815 651 898 quam
684 789 946 876 asarazanio
964 783 1035 875 sub
1063 795 1220 875 initium
1245 799 1383 904 prima
1413 791 1529 880 buius
1557 795 1688 904 operis
1718 797 1838 900 partis
1866 791 1932 877 al·

415 904 639 1018 legavimus
668 907 764 1023 (a),
793 907 949 991 abunde
978 933 1066 992 eam
1083 904 1277 991 declarat.
1313 909 1401 1020 Ipsa
1418 917 1562 1009 enirn,
1587 907 1654 995 seu
1683 904 1758 990 stili
1786 907 1937 1020 simpli·

412 1029 608 1123 citatem,
636 1020 702 1108 seu
733 1026 900 1108 nominis
935 1019 1160 1134 gradrisque
1190 1026 1376 1114 Auctoris
1409 1052 1490 1113 non
1521 1028 1618 1114 item
1647 1018 1804 1110 samiliae
1837 1051 1935 1137 pro·

413 1136 646 1238 sessionem,
664 1136 747 1224 stud
773 1137 930 1226 deorum
947 1146 1091 1257 Exigui
1120 1139 1226 1257 (quo
1240 1135 1279 1226 se
1299 1149 1537 1254 cognomine
1559 1173 1610 1230 ex
1629 1137 1697 1232 vsu
1720 1135 1936 1253 priscorum

411 1276 642 1365 temporum
674 1253 862 1365 appellari
891 1254 1054 1371 voluit)
1086 1266 1289 1346 notionem
1320 1253 1509 1369 speeies,
1539 1259 1629 1346 saris
1662 1286 1734 1371 per
1761 1258 1802 1345 se
1826 1260 1936 1347 anti·

324 1474 325 1481 Ν
411 1398 515 1488 qua:
547 1367 800 1457 nihilominus
830 1374 976 1459 horum
1001 1372 1054 1491 de
1084 1376 1226 1491 quibus
1250 1376 1403 1487 agimus
1428 1374 1588 1465 Damasi
1600 1379 1791 1463 auorum
1826 1401 1937 1461 com·

410 1487 604 1604 pendium
634 1546 649 1595 ,
679 1491 718 1572 &
748 1489 856 1603 quas
895 1492 1133 1580 breviarium
1160 1494 1255 1596 eil,
1289 1491 1409 1608 quod
1437 1516 1606 1610 atraque
1640 1498 1744 1588 inter
1771 1487 1809 1578 se
1835 1520 1933 1576 corr-

411 1606 557 1694 serenti
586 1601 833 1691 manifestum
859 1601 1068 1720 evestigio
1093 1609 1187 1696 fiet.
1217 1611 1284 1697 Νὲ
1305 1614 1372 1694 cui
1403 1630 1535 1698 autem
1554 1637 1634 1700 rox
1659 1635 1932 1695 comrnrnro·

413 1751 473 1808 rn
498 1716 606 1808 fort‘e
632 1720 856 1831 scrupulum
886 1725 1088 1824 inliciat,
1123 1727 1229 1843 quast
1262 1733 1460 1814 recentior
1488 1729 1608 1816 fuerit
1635 1753 1649 1811 ε
1679 1753 1765 1812 eam
1799 1731 1876 1811 iam
1906 1729 1931 1808 al

410 1836 571 1924 Nicolai
594 1839 629 1923 Ι.
658 1837 730 1955 (b)
761 1843 884 1923 immo
913 1847 954 1925 bc
985 1842 1008 1929 a
1036 1845 1230 1959 Gregorii
1255 1844 1397 1958 Magni
1427 1846 1672 1962 temporibus
1702 1842 1930 1958 usurpatam

418 1949 530 2043 fuisse
555 1954 848 2042 admonemus.
1680 2024 1683 2029 ,

529 2069 595 2158 Ad
619 2073 780 2156 Petrum
806 2093 941 2164 autem
960 2081 1181 2169 Diaconum
1209 2080 1401 2171 sermonis
1422 2082 1475 2171 de
1498 2089 1619 2172 Beato
1635 2077 1807 2169 Damaso
1823 2079 1933 2162 Scri·

412 2200 573 2304 ptorem
604 2185 713 2299 quod
740 2191 890 2281 attinet
917 2252 933 2301 ‚
964 2197 1210 2287 Bollandiani
1245 2205 1382 2290 Patres
1415 2203 1651 2290 enumeratis
1681 2197 1832 2310 aliquot
1865 2221 1936 2278 co·

411 2304 699 2420 gnominibus,
720 2314 789 2418 qui
817 2308 840 2392 al
865 2309 1003 2400 sacculo
1022 2318 1095 2398 Vl.
1113 2317 1163 2399 ad
1197 2322 1294 2403 XII.
1329 2319 1504 2404 florudre
1535 2320 1632 2432 (c),
1658 2344 1751 2401 cum
1780 2305 1935 2397 nullum

411 2451 463 2510 cx
490 2429 545 2510 eis
585 2417 821 2510 inuenissent
851 2432 923 2539 qui
952 2426 1004 2514 de
1029 2427 1200 2514 Damaso
1227 2439 1396 2547 egerit,
1440 2432 1588 2518 haerent
1626 2431 1745 2541 plane
1779 2434 1821 2511 in
1849 2422 1938 2509 asst-

412 2538 573 2656 goando
600 2559 689 2628 vter
715 2565 853 2627 eorum
879 2543 1011 2629 Sanos
1042 2543 1249 2632 Pontificis
1287 2549 1510 2633 sermonem
1539 2550 1591 2632 de
1616 2576 1701 2660 quo
1728 2547 1933 2656 loquimur

412 2652 638 2771 scripserit.
671 2657 863 2745 Batonius
889 2680 1052 2753 tamen,
1081 2658 1222 2773 loseph
1251 2663 1377 2747 Maria
1410 2665 1649 2766 Suarezius,
1671 2667 1711 2749 br
1738 2661 1804 2748 alii
1836 2662 1858 2770 (
1870 2661 1935 2773 d)

409 2777 535 2878 Petro
561 2773 722 2863 cuidam
749 2777 933 2864 Diacono
958 2777 1174 2865 Cassrnenst
1201 2777 1515 2864 adiudicandum
1549 2799 1690 2885 putant
1719 2831 1734 2877 ‚
1779 2775 1937 2887 quisa-

414 2895 507 2979 culo
533 2921 645 2979 nono
671 2891 837 2994 claruit,
868 2903 1087 3007 auctorque
1117 2892 1286 2977 babetur
1312 2895 1404 2977 vita
1430 2891 1565 2974 Sancti
1592 2892 1798 2977 Athanasii
1831 2891 1934 2999 Epi-

413 3003 523 3121 scopi
552 3008 843 3122 Neapoli'tani3
874 3007 1007 3126 deque
1035 3037 1084 3094 eo
1109 3013 1218 3119 prior
1247 3005 1314 3095 ille
1347 3002 1545 3090 annalium
1576 3005 1931 3090 Ecclestaslicorum

412 3129 595 3239 scriptor
617 3131 703 3237 agit
734 3122 785 3212 ad
812 3150 958 3214 annum
988 3122 1195 3210 DCCCL.
1226 3120 1498 3208 DCCCLXl.
1537 3120 1934 3206 &DCCCLXXIL

411 3247 632 3338 ¹Vtrumuis
663 3260 797 3330 autem
824 3238 978 3345 suerit,
1009 3241 1111 3328 illud
1126 3242 1282 3326 Baronii
1313 3236 1547 3325 testimonio
1576 3239 1752 3327 constat:
1782 3235 1937 3324 Damasi

418 3366 558 3463 Asia,
586 3361 726 3476 quibus
753 3363 838 3447 eius
864 3358 1059 3448 sermonis
1089 3374 1211 3444 cento
1236 3354 1309 3444 sub
1337 3353 1456 3443 finem
1481 3353 1667 3445 consutus
1696 3354 1772 3444 suit
1798 3407 1814 3456 2
1842 3353 1933 3442 lorr-

415 3477 468 3593 ge
499 3508 549 3566 co
579 3479 761 3575 sermone
784 3477 1013 3590 antiquiora
1039 3473 1175 3564 fuisse.
1446 3485 1452 3495 “

418 3646 423 3653 -
529 3595 754 3698 Merenda,
784 3612 832 3682 rt
853 3625 927 3682 nos
954 3595 1049 3683 alibi
1071 3591 1125 3678 de
1150 3589 1322 3678 Damaso
1351 3593 1561 3709 loquentes
1578 3591 1834 3693 dicebamus,
1865 3616 1938 3675 ne·

304 3750 306 3753 ¹
415 3712 512 3802 dum
531 3710 808 3801 difficultatem
836 3706 1045 3823 effugisse,
1072 3706 1139 3795 sed
1168 3735 1278 3797 noro
1304 3726 1425 3826 atque
1453 3714 1643 3822 expedito
1669 3707 1932 3824 responsionis
2053 3784 2056 3789 .

414 3837 633 3941 generem
667 3851 786 3910 noras
816 3852 888 3913 nos
920 3825 1113 3943 angustias
1142 3818 1368 3916 conclusisse
1395 3847 1539 3940 purat.
1571 3829 1712 3939 ltaque
1740 3826 1825 3939 poll
1857 3827 1931 3911 alia

416 3945 614 4032 inutiliter
636 3958 818 4044 tentata,
846 3946 1140 4058 Laurentium,
1168 3973 1246 4034 non
1264 3949 1393 4034 minus
1420 3946 1537 4056 quam
1554 3942 1936 4041 Damasus‚Roma·

418 4068 476 4148 nis
492 4061 660 4148 Civibus
686 4068 853 4149 omnino
879 4065 1224 4153 adnumerandum
1250 4055 1348 4163 esse,
1376 4089 1423 4146 ex
1440 4059 1680 4146 Veronense
1702 4063 1935 4146 Sacramen-

419 4183 517 4269 tarii
542 4186 777 4269 austeritate
790 4181 962 4271 affirmat
983 4214 999 4295 3
1031 4206 1161 4293 eoque
1188 4175 1364 4296 respectu
1383 4179 1432 4266 ab
1446 4178 1642 4267 aetorum
1658 4174 1813 4266 Damasi
1829 4176 1935 4261 Scri-

852 4342 859 4349 .
1838 4314 1933 4406 pto·
1959 4381 1962 4387 Ι

460 4517 520 4607 (0)
544 4528 618 4612 css·
650 4545 679 4590 ¹·
702 4526 779 4612 Peg.
804 4523 984 4613 12·&13'·
1204 4525 1345 4612 Praesett.
1368 4523 1396 4606 ζ’,
1420 4521 1479 4592 sed
1513 4521 1536 4593 ll
1567 4517 1714 4590 delicioso
1739 4513 1859 4607 cupitis
1881 4514 1937 4602 pai

460 4613 537 4701 (b)
562 4613 712 4682 Nimbus
734 4615 762 4681 l·
792 4626 822 4689 itt
845 4627 940 4708 Epist·
970 4624 1012 4688 ud
1039 4625 1147 4709 Egist-
1203 4662 1234 4701 „
1258 4617 1332 4682 bulo
1350 4611 1478 4703 saginari
1502 4612 1591 4686 Beati
1616 4608 1784 4702 Augustini
1800 4631 1938 4676 strato-

416 4721 478 4768 Μ’
506 4709 651 4794 As‘hisp·
680 4715 870 4800 uternensem
894 4717 973 4780 mm·
995 4716 1053 4780 IX·
1079 4717 1147 4782 Col·
1208 4754 1234 4791 ,‚
1259 4728 1323 4777 aaa
1349 4705 1440 4774 vestri
1472 4704 1620 4793 opuscula
1644 4704 1769 4794 legire:
1805 4699 1860 4788 qui
1890 4702 1939 4769 lo·

413 4797 479 4862 leti·
502 4803 662 4868 Conciliar-
686 4801 1053 4872 sabbatissimus.
1079 4804 1146 4872 Col·
1204 4821 1260 4868 cus
1284 4796 1340 4866 cl.
1360 4796 1549 4884 Du-Cangii
1569 4795 1761 4884 diligentiam
1785 4788 1912 4879 effugit.

411 4904 513 4964 1525·
547 4932 573 4968 a,
605 4889 704 4958 Porro
740 4914 814 4959 cum
849 4892 886 4957 ad
910 4890 959 4957 Te
984 4890 1146 4980 mosque)
1251 4895 1312 4966 (c)
1338 4889 1392 4955 ad
1414 4887 1499 4956 diem
1522 4887 1565 4954 X·
1585 4890 1668 4974 Aug.
1692 4899 1721 4962 §-
1744 4883 1784 4944 Χ.
1809 4904 1839 4947 s.
1860 4906 1935 4964 ¹⁰4·
2057 4900 2068 4907 ·

412 5014 439 5051 ‚,
463 4996 713 5047 courrrrtroras
737 4985 771 5052 δι
785 4982 1013 5052 consacerdotes
1032 4984 1145 5050 litteras
1249 4986 1297 5062 (d)
1322 4982 1388 5064 Ap·
1404 4978 1483 5047 Nlo.
1500 4979 1675 5049 Antonium
1686 4975 1826 5040 Bibl'stb.
1843 4977 1937 5062 fflsp,

364 5080 375 5102 ¹
409 5061 660 5151 destinaverimus
675 5112 696 5136 ··
709 5119 739 5157 ‚,
765 5073 941 5162 Gregorius
964 5079 1035 5142 Lib.
1052 5078 1146 5142 VIII·
1208 5079 1284 5145 Vet-
1307 5075 1377 5142 tra.
1398 5073 1441 5142 sl·
1463 5076 1549 5163 Cup·¹
1564 5076 1625 5146 VI.
1649 5059 1835 5155 inmealb
1861 5089 1939 5138 num.

407 5159 502 5243 Epist.
526 5161 698 5234 XXXVII·
731 5173 775 5236 ud
808 5172 1006 5241 Innocentium
1025 5164 1148 5250 Africae
1212 5170 1288 5247 apos
