4184 5904
1691 413 1792 521 135

243 610 245 615 ’
275 613 412 712 tyrum
441 592 585 710 patrias
612 593 810 706 enarrari3
838 593 1033 704 tantoque
1057 593 1121 680 hic
1146 595 1273 678 minus
1302 622 1424 709 quarn
1449 598 1487 678 in
1523 594 1656 693 Actis,
1687 597 1799 682 Mar·

274 714 491 828 tyrologiis
509 728 625 820 atque
653 708 870 810 Homiliis,
896 711 1048 823 quanto
1074 714 1214 797 horum
1229 719 1412 797 oninium
1445 711 1718 822 scriptoribus
1746 707 1800 795 la·

282 837 368 918 tior
394 827 552 941 patebat
582 824 757 912 dictandi
790 877 805 925 ,
836 845 956 942 atque
984 825 1200 941 eloquendi
1220 854 1424 940 campus,
1462 852 1584 939 quant
1611 825 1799 938 Licurgia

285 940 611 1048 Conditoribus3
649 970 743 1029 cunr
772 945 813 1027 in
845 944 916 1028 hac
930 943 1142 1058 perbrrnr‘s
1160 997 1177 1044 ,
1198 952 1260 1049 θ’
1269 941 1608 1060 fhrcintusnltim
1622 939 1798 1061 pafflonir
1927 963 1930 968 ·

278 1066 506 1178 Martyrum
531 1067 832 1151 commemoratio
843 1059 949 1172 fieri
970 1058 1112 1179 paffl’t,
1539 1125 1542 1135 .

397 1183 484 1266 Iam
521 1176 617 1263 vero
644 1206 737 1262 curn
758 1175 920 1262 *constet
950 1201 1085 1264 vetera
1110 1174 1291 1265 Ecclefiae
1322 1175 1639 1264 Sacramentaria
1674 1172 1798 1265 Gela-

282 1298 458 1395 fianum,
485 1293 801 1408 Gregorianunr,
832 1294 1037 1406 ipsumque
1060 1294 1110 1382 de
1140 1323 1219 1410 quo
1247 1299 1398 1412 agimus
1424 1295 1704 1388 Leorr'ianum,
1733 1289 1800 1374 ni·

284 1417 340 1500 hil
364 1402 576 1499 aliudesse
599 1462 619 1508 ,
644 1408 764 1524 *quim
793 1402 966 1495 missales
992 1411 1160 1499 Codices
1193 1438 1295 1522 quos
1322 1412 1370 1497 ad
1391 1410 1551 1496 -Sacram
1581 1410 1801 1516 Licurgiam

284 1537 442 1644 priores
468 1523 529 1610 illi
549 1552 605 1612 ex
631 1527 769 1638 quibus
800 1525 965 1614 nomina
991 1533 1163 1616 mutuati
1188 1524 1279 1614 sunt
1308 1525 1520 1614 Pontifices
1550 1525 1803 1621 adhibuere,

286 1666 406 1759 atque
446 1647 635 1731 Romana:
660 1644 833 1758 Ecclesiae
867 1643 1040 1730 utendos
1076 1647 1363 1760 proposuere:
1401 1639 1642 1755 consequens
1672 1641 1804 1724 omni·

286 1794 342 1850 no
370 1760 457 1847 'fieri
489 1761 681 1861 videtur,
711 1766 953 1876 quicumque
980 1763 1144 1851 tandem
1171 1762 1212 1847 in
1247 1762 1312 1845 his
1334 1757 1652 1848 Sacrantentariis
1691 1755 1801 1839 locus

288 1877 434 1990 (idem
466 1874 521 1964 de
552 1877 700 1966 cacteris
724 1879 853 1965 Libris
880 1880 1127 1989 Litutgicis,
1149 1873 1328 1964 'martinse
1349 1875 1449 1962 verb
1477 1871 1528 1958 de
1558 1875 1620 1957 his
1649 1878 1722 1986 qui
1752 1870 1802 1955 ad

283 1991 458 2079 Ecclesia
482 1993 671 2080 Romana
696 1990 809 2083 usum
835 1993 1015 2082 adornati
1045 1993 1154 2082 fuere
1176 1991 1367 2080 iudicium
1388 1989 1513 2110 esto)
1538 1984 1803 2100 temporalem

282 2111 507 2218 Martyrum
534 2119 702 2225 patriam
724 2111 902 2223 :genusve
925 2111 1135 2200 continere
1152 2107 1501 2222 deprehendatur,
1525 2106 1638 2219 quod
1665 2122 1801 2189 *tamen

279 2221 473 2310 rariiirnre
499 2233 753 2339 continget,
778 2248 1090 2341 ennumquam
1121 2227 1265 2342 pariam
1290 2224 1448 2334 spiritui
1474 2219 1649 2308 Ecclesia
1669 2218 1803 2304 coha-

286 2357 473 2440 rentem,
503 2351 589 2429 iure
618 2371 694 2455 pro
719 2342 898 2458 suspecto
925 2343 1176 2430 habendum.

404 2457 488 2541 Iam
513 2459 610 2544 'hinc
637 2458 857 2543 Blanchino
890 2459 1080 2544 nonnihil
1109 2456 1277 2572 ‘scrupuii
1315 2452 1570 2546 iniiciendunt
1607 2445 1690 2538 fore
1717 2453 1805 2533 exi-

279 2570 432 2671 ffissws
462 2571 491 2656 sl
519 2574 656 2662 *verbis
683 2571 762 2656 illis
783 2601 1012 2662 unscnrroo
1033 2602 1143 2662 crtus
1173 2577 1379 2664 Laurentii
1405 2573 1572 2687 patriam
1599 2568 1804 2655 contineri

283 2687 532 2788 contendat,
557 2687 688 2800 qualis
702 2683 862 2774 dentum
884 2697 944 2776 eis
959 2686 1060 2776 fides
1085 2692 1305 2779 adhibenda
1324 2693 1371 2778 srt
1386 2752 1403 2776 ,.
1436 2690 1559 2775 Levia
1575 2707 1708 2774 tamen
1727 2682 1804 2768 hac

277 2803 370 2889 sunt
395 2858 409 2902 ,
441 2805 510 2890 nisr
533 2804 736 2892 confilium
766 2804 904 2892 silendi
929 2802 1159 2916 Martyrum
1184 2818 1331 2921 patrias
1359 2809 1401 2892 in
1428 2808 1642 2920 Licurgicis
1665 2799 1805 2894 iibris,

281 2937 481 3030 perpetuo
508 2950 670 3035 quoque
695 2920 873 3002 Ecclesia:
909 2917 978 3005 vsu
1000 2925 1281 3010 confirmatum
1305 2923 1486 3011 viderit.
1519 2922 1644 3035 Legat
1676 2908 1805 3028 quaeso

278 3028 869 3142 Gela'sranun13·Gregorianum
891 3031 1039 3145 triplex
1054 3093 1068 3137 ,
1081 3037 1355 3138 Boriense,&
1381 3035 1506 3149 slquae
1525 3035 1619 3125 sunt
1631 3032 1708 3119 alia
1726 3036 1807 3116 Ve-

280 3151 379 3235 teris
410 3151 511 3236 ritus
536 3151 850 3231 Sacramentaria
873 3148 904 3253 1(
916 3145 1099 3235 consulto
1127 3153 1373 3238 leonianum
1404 3159 1530 3238 mitto
1562 3154 1725 3261 dequo
1757 3146 1807 3227 lis

281 3265 371 3363 est,
398 3262 590 3377 'quodque
619 3260 690 3345 suo
713 3257 878 3345 demum
908 3258 1002 3347 loco
1030 3262 1256 3374 singiliatim
1280 3265 1582 3353 examinandum
1612 3263 1804 3377 veniet):

287 3382 398 3492 legat
428 3385 526 3464 item
555 3367 754 3477 Miiiales,
791 3375 1090 3486 Legendarios,
1117 3378 1427 3478 orationarios,
1450 3380 1688 3494 ceterosque
1711 3382 1805 3462 Co-

287 3493 400 3580 dices
418 3494 644 3608 Liturgicos
674 3493 697 3576 a
727 3488 939 3591 Pamelio,
966 3490 1236 3599 Mabillonio,
1262 3492 1474 3579 Cardinali
1501 3495 1737 3594 Thomasro,
1767 3497 1805 3576 ὃ(

286 3611 514 3695 Muratorio
538 3604 788 3721 evulgatos:
830 3607 984 3722 relegat
1015 3607 1213 3720 postremo
1246 3611 1552 3699 Orationariunr
1582 3611 1806 3722 antiquitis·

288 3729 343 3812 nri
374 3723 473 3814 sitris
501 3726 666 3826 Gothici
690 3779 710 3834 -,
740 3754 858 3839 quem
896 3722 976 3840 ipse
1000 3732 1105 3815 notis
1132 3726 1364 3817 illustratum
1387 3727 1551 3831 edidit3
1583 3727 1609 3812 ii
1639 3746 1805 3811 autern..

288 3848 334 3929 in
365 3848 436 3944 iis,
462 3871 581 3955 quarn
607 3842 690 3931 iate
717 3864 898 3954 patent,
931 3862 999 3930 aut
1036 3872 1173 3935 eorum
1200 3846 1335 3962 aliquo
1365 3846 1530 3934 verbum
1558 3840 1802 3945 offenderit,
1947 3853 1953 3887 ’-

285 3987 368 4072 quo
394 3961 619 4073 Martyrum
651 3964 690 4043 in
720 3956 806 4069 ipsis
832 3977 1112 4045 contentorum
1140 3969 1307 4077 patria,
1347 3966 1412 4050 vel
1444 3970 1600 4049 eminus
1627 3959 1805 4071 defigne-

295 4100 387 4162 tur:
415 4095 508 4162 tunc
533 4108 597 4164 me
620 4074 725 4162 boni
749 4071 852 4181 fide,
879 4072 1103 4187 *seclusdque
1122 4081 1234 4162 omni
1254 4080 1441 4184 captione
1470 4079 1715 4166 Veronensis
1733 4080 1803 4162 Sa-

294 4195 544 4279 cramentarii
564 4191 919 4292 contestationem,
943 4189 995 4278 de
1021 4221 1096 4306 qua
1123 4196 1305 4308 agimus,
1336 4210 1454 4306 atque
1478 4191 1583 4279 adeo
1602 4197 1720 4282 verba
1741 4193 1805 4277 ilia

291 4335 518 4400 mnscsnno
547 4335 677 4410 crvrs,
692 4336 767 4421 pro
781 4332 1133 4421 vero,germnno,
1161 4333 1282 4426 atque
1306 4312 1539 4424 incorrupto
1556 4311 1687 4398 Sancti
1704 4311 1805 4395 Leo·

292 4432 353 4511 nis
387 4429 491 4513 foetu
520 4427 740 4514 habitururn
770 4425 966 4540 spondeo.
1397 4468 1401 4474 ·

407 4545 474 4628 Ne
508 4548 703 4630 tamenin
733 4543 889 4655 publica
919 4545 1131 4634 commoda
1159 4570 1323 4660 peccare
1349 4541 1521 4648 videar,
1549 4546 1575 4632 u
1605 4549 1693 4631 vito
1715 4573 1805 4659 gra·

295 4661 472 4745 rioribus
501 4658 678 4747 distritio
701 4678 855 4747 tanturn
885 4662 995 4748 radii
1022 4661 1302 4750 devorandum
1333 4664 1559 4751 obiecero:
1603 4656 1804 4773 persancte

291 4774 503 4862 Blanchino
527 4775 721 4863 affirmare
747 4769 929 4890 possum,
965 4785 1087 4866 immo
1126 4786 1246 4869 etiam
1274 4778 1512 4895 conceptis,
1542 4778 1567 4865 fi
1593 4805 1694 4891 opus
1727 4777 1803 4881 iit,

291 4893 418 4975 verbis
446 4892 660 4998 deierare,
691 4922 755 4979 me
791 4895 1097 4985 Sacramentaria
1132 4926 1219 5010 quae
1254 4898 1376 5012 vulgi>
1402 4888 1650 4982 circumferri
1680 4887 1805 4980 soient

290 4997 428 5094 sedulo
460 5009 690 5114 evolviffe,
726 5006 978 5101 Gelafianuna
1018 5010 1166 5104 scilicet
1195 5013 1419 5106 Cardinalis
1449 5010 1686 5099 Thonrafii:
1729 5013 1805 5211 clri-

1569 5180 1577 5198 τ
1710 5155 1803 5242 pert
