4184 5904
220 560 236 569 ·
276 510 493 633 cretis-(a)
520 518 753 626 apertissime
779 514 937 631 liquet:
965 514 1190 603 Innocentil
1220 516 1366 604 iccirco
1393 521 1535 622 verba,
1563 525 1790 637 queieMe·

281 633 406 719 tenda
432 635 621 719 innititur
639 687 653 734 ,
674 632 875 720 confilium
909 638 1065 721 tantirrn
1090 633 1293 719 continere
1327 634 1379 722 de
1418 636 1676 746 praestantiori
1715 643 1791 727 bo-

287 778 367 849 no,
397 745 563 834 minime
590 754 687 837 vero
716 750 914 835 iuterllitii
939 756 961 837 a
989 747 1181 863 baptismo
1209 751 1470 839 necellitatenr
1491 755 1789 843 inducerecre-

284 866 422 953 denda
451 865 567 968 sunt3
598 887 717 978 atque
746 867 821 953 hoc
849 874 967 978 pac‘to
995 869 1107 952 huius
1139 865 1348 952 Pontificis
1369 869 1589 957 doctrinam
1612 900 1704 957 cnm
1724 875 1791 957 Si·

286 982 389 1068 ricio
411 985 449 1066 8(
472 983 634 1068 Zosrmo
647 982 959 1071 conciliandam.
995 987 1206 1092 Pergamus
1235 1011 1318 1068 rem
1344 983 1592 1072 illustriorem
1611 987 1791 1074 reddere.

401 1098 664 1185 Consuluerat
690 1102 972 1186 Innocentium
1000 1102 1111 1185 Felix
1136 1098 1252 1212 super
1276 1097 1502 1210 quibusdam
1531 1104 1631 1190 adeo
1650 1103 1795 1219 explo-

287 1215 411 1312 ratis,
434 1236 479 1302 ut
504 1221 543 1305 in
570 1215 748 1328 Epistola:
777 1216 920 1304 limine
945 1216 1052 1304 dicat
1082 1214 1273 1303 Pontifex
1291 1244 1304 1299 ε
1317 1216 1532 1333 stupuislr‚
1559 1225 1791 1338 prudentem

285 1341 416 1423 uirum
441 1335 487 1420 de
513 1336 576 1447 iris
600 1331 753 1450 uolaiffi
779 1335 993 1450 coarsulem
1029 1361 1115 1447 qua·
1131 1335 1303 1423 omnibus
1353 1352 1427 1422 unt
1450 1342 1562 1423 certa‘
1588 1347 1792 1433 ratione„

286 1471 479 1564 comperta
493 1450 515 1553 3'
537 1479 659 1564 neque
681 1459 718 1538 ei
741 1451 860 1566 quast
874 1458 1104 1568 ignoranti,
1117 1448 1195 1567 fiai
1220 1479 1330 1566 quar
1350 1456 1395 1534 ier
1422 1454 1512 1537 aliis
1528 1472 1703 1566 occupato
1720 1475 1791 1544 aar

285 1567 694 1684 oblitorrspmdere„
726 1568 938 1655 lateralia
975 1570 1026 1653 de
1064 1570 1171 1654 laicis
1209 1560 1385 1654 absolute
1430 1568 1664 1680 quasrerat:
1697 1568 1792 1689 pof-

274 1684 422 1805 scatere
455 1696 498 1767 ia
527 1689 672 1769 clerum
689 1686 884 1767 admitti?
913 1680 1060 1766 deinde
1089 1684 1216 1771 dehis
1242 1690 1361 1772 etiam
1387 1692 1462 1795 qui
1488 1713 1621 1774 uxores
1647 1688 1794 1773 habert-

287 1825 344 1894 trt
371 1800 571 1911 baptizati
585 1800 720 1911 stant.
754 1794 898 1884 Prodit
925 1795 964 1883 se
991 1796 1099 1882 illico
1122 1798 1235 1885 Felix
1265 1797 1557 1907 superciliosum
1584 1854 1598 1901 2
1628 1800 1795 1888 austeri·
1906 1810 1910 1817 '

289 1946 367 2028 que
392 1916 539 2024 ingenii
567 1918 735 2017 uirum,
768 1942 898 2027 neque
943 1911 1169 2001 admodum
1194 1912 1408 2029 proclivem
1434 1936 1477 2005 vt
1506 1917 1663 2019 laicos,
1693 1944 1795 2030 pra·

287 2035 424 2118 sertim
467 2052 653 2118 uxoratos
698 2033 738 2114 in
781 2029 934 2118 clerum
959 2033 1188 2145 reciperet.
1222 2035 1303 2116 Cui
1327 2032 1511 2118 Pontifex
1538 2035 1589 2118 ad
1618 2041 1794 2148 primum
1855 2089 1858 2093 -

287 2148 488 2264 quasrtum
518 2143 747 2257 respondit:
775 2179 848 2237 aaa
868 2153 915 2238 de
941 2150 1110 2239 omnibus
1135 2153 1248 2237 laicis
1273 2147 1516 2268 corrstlrarum
1542 2148 1609 2270 ψ
1633 2155 1678 2241 ni
1695 2156 1796 2241 clero

287 2263 463 2384 adscribi
474 2261 649 2383 postiae,
679 2262 845 2354 subdens
875 2297 955 2353 non
984 2266 1064 2352 fine
1090 2264 1318 2353 stomacho:
1349 2295 1470 2382 neque
1492 2275 1633 2358 etenim
1660 2270 1793 2359 clerici

201 2420 205 2427 ¹
289 2381 427 2501 erasm,
459 2384 513 2481 ῥ’
535 2408 607 2469 non
621 2379 725 2497 sieri
738 2384 919 2502 poffirnt.
950 2382 1018 2469 Ad
1043 2378 1255 2489 secundum
1283 2402 1437 2471 autem:
1461 2418 1518 2474 eor
1547 2415 1697 2499 quoque
1724 2387 1799 2496 qai

293 2529 423 2590 uxores
453 2502 636 2588 habentes
658 2503 862 2616 baptizati
885 2501 1047 2618 fiterint
1072 2510 1118 2586 ln
1145 2502 1289 2589 cleram
1315 2511 1437 2612 recipi
1456 2500 1553 2616 μαψ
1582 2553 1596 2597 a
1620 2502 1796 2612 praser-

292 2623 370 2712 tim
398 2619 512 2721 (hec
532 2619 640 2696 enim
660 2618 861 2697 Pontificis
886 2642 999 2696 mens
1022 2612 1110 2724 est)
1127 2610 1176 2723 st
1198 2641 1341 2722 exque
1367 2614 1564 2727 baptizati
1606 2635 1711 2712 tent,
1735 2621 1799 2700 ila

283 2725 611 2848 seinstituerant
635 2779 650 2824 ‚
682 2745 728 2812 ut
750 2732 796 2810 in
820 2729 923 2813 nullo
955 2729 1112 2816 vacillet
1140 2753 1270 2814 eoram
1294 2735 1455 2846 opini03
1480 2758 1585 2843 quar
1613 2729 1800 2827 diceret,

297 2875 377 2932 non
401 2840 667 2952 prohibendos
689 2887 706 2934 ,
733 2838 797 2923 vel
825 2842 996 2925 maxime
1020 2840 1045 2919 fi
1074 2837 1168 2921 tales
1196 2842 1297 2924 sint.
1331 2848 1426 2926 Hac
1444 2866 1576 2929 antem
1595 2844 1801 2931 confilium

296 2956 432 3074 potius
446 2962 683 3053 continere,
712 2953 829 3066 quam
861 2954 1125 3041 neceffitatcnt
1149 2950 1336 3040 inducere
1352 2956 1479 3068 palam
1505 2957 1587 3044 ell.
1620 2957 1693 3046 Vel
1719 2958 1800 3045 dici

283 3075 524 3188 impliciter
549 3071 703 3184 potell,
730 3069 871 3156 Felicis
897 3068 1227 3158 consultationem
1246 3072 1525 3183 particularem
1553 3073 1660 3161 fuisse
1687 3074 1798 3168 da,

300 3189 533 3309 quibusdam
549 3189 753 3287 uxoratis,
784 3191 858 3299 qui
883 3185 1017 3301 aliquo
1045 3185 1620 3299 pollquambaptizatisuerant
1644 3212 1801 3302 tempo·

297 3339 373 3414 rc,
402 3333 498 3400 tunc
525 3301 699 3416 primum
734 3299 783 3385 ad
818 3300 1025 3387 Ecclesiam
1052 3303 1227 3388 animum
1255 3300 1483 3393 adiecerunt
1508 3330 1527 3408 3
1557 3327 1600 3393 vt
1632 3306 1802 3419 proinde

299 3429 532 3539 rescriptum
552 3419 673 3520 illud,
705 3415 866 3502 minime
884 3419 979 3506 ueri>
1002 3418 1284 3516 constitutum,
1314 3417 1393 3505 stre
1412 3421 1476 3506 lex
1502 3424 1691 3532 generalis
1713 3451 1801 3509 cre-

303 3542 436 3635 denda
465 3537 536 3622 stt.
568 3541 737 3621 Vtrovis
763 3555 910 3621 autem·
929 3534 1055 3620 modo
1080 3560 1139 3617 res
1178 3534 1365 3645 habeat,
1394 3535 1490 3633 illud
1523 3537 1698 3636 constat,
1729 3566 1805 3623 nec

300 3663 331 3749 ti
352 3661 505 3752 Siricii,
521 3654 748 3738 innocentii
765 3709 778 3755 ,
793 3679 840 3740 ac
855 3653 1005 3741 Zofimi
1027 3672 1206 3762 tempora
1222 3677 1310 3735 cum
1325 3670 1437 3738 atate
1453 3658 1626 3766 parentis
1648 3653 1803 3737 Damasi

305 3786 599 3889 congruerent,
628 3792 727 3875 opus
751 3770 787 3851 ei
824 3765 908 3856 fore
937 3791 1004 3857 aut
1032 3764 1181 3878 uspiam
1210 3760 1320 3851 fuisse
1349 3818 1362 3865 ,
1396 3792 1436 3856 vt
1465 3801 1513 3857 ex
1541 3766 1806 3858 interualloic

305 3889 497 4005 baptismo
523 3885 719 3998 dignusne
760 3874 853 3968 esset
880 3887 1112 3996 probaretur
1143 3939 1161 3984 ‚
1189 3883 1301 3996 quod
1329 3904 1464 3974 tamen
1485 3888 1687 3975 Merendae
1706 3884 1802 3972 fals&

306 4032 351 4098 ut
377 4010 548 4095 arbitror
577 3992 826 4113 perluafiorte
852 4002 977 4086 uisum
1003 3997 1104 4081 fuit.
1139 4002 1214 4082 Sed
1238 3995 1289 4079 de
1309 3999 1370 4079 hir
1392 4003 1474 4109 plus
1499 4002 1616 4089 satis.

422 4129 543 4208 Nunc
567 4119 614 4201 ab
639 4111 814 4200 Ecclesrae
838 4110 1050 4229 disciplioi
1076 4110 1126 4197 ad
1159 4109 1352 4197 Historica
1381 4119 1503 4199 immo
1527 4117 1579 4201 ad
1604 4127 1808 4206 contenu-

307 4272 399 4346 ras,
427 4238 507 4326 five
535 4240 582 4333 ric
600 4234 645 4321 coi
672 4235 839 4321 walcra*
862 4230 1148 4324 transeundum
1175 4231 1286 4433 rppbis
1310 4225 1388 4316 cll.
1416 4235 1551 4321 Primo
1565 4256 1698 4324 autem,
1714 4266 1807 4321 om-

1699 4382 1814 4441 nrum

353 4541 412 4627 (a)
446 4537 525 4611 vir.
546 4537 602 4611 Cl.
621 4535 802 4608 Nollratent
823 4536 914 4608 Ferd·
934 4535 1028 4607 Men»
1087 4552 1213 4608 ruerunt
1237 4538 1335 4620 igitur
1357 4530 1521 4614 (Concilii
1540 4534 1662 4606 Nicaeni
1682 4535 1811 4617 Patres.)

306 4632 452 4701 eninm:
478 4638 525 4698 lie
548 4638 672 4723 confirm·
690 4639 802 4701 Cantil-
826 4638 1028 4700 Eliberrituao
1088 4635 1123 4696 le
1147 4649 1179 4695 eo
1199 4633 1285 4712 qaod
1300 4649 1356 4693 noa
1371 4648 1486 4713 oportet
1507 4637 1632 4699 Clericus
1651 4629 1814 4710 fucetur-

307 4734 419 4795 Cunoa.
440 4728 588 4791 XXXIII.
617 4727 651 4789 ἃ
671 4719 824 4806 praecipue¹
849 4720 1031 4785 ventarum„
1090 4724 1167 4787 diuis
1184 4762 1197 4797 ,
1214 4721 1275 4804 five
1296 4722 1448 4804 Epiliopor
1466 4763 1478 4798 ,
1496 4724 1555 4807 stur
1576 4724 1811 4807 hypodiaconos-7

309 4813 451 4885 Concilii
473 4810 596 4880 Nicaeni
610 4812 797 4882 Vaticanum
813 4810 966 4879 Codiccm
980 4829 1031 4895 ap·
1084 4814 1145 4898 [rue
1168 4814 1357 4894 ntiquom
1371 4813 1459 4893 licre
1475 4816 1610 4896 catalogo
1632 4805 1808 4887 „dormire

306 4908 481 4976 Alsonl'um
506 4903 649 4971 Pisanum
679 4911 756 4975 libro
785 4929 858 4972 ιιι.
887 4907 921 4968 de
949 4905 1031 4967 Aeta
1091 4944 1118 4980 „
1146 4920 1217 4964 curn
1236 4896 1477 4985 moribundum
1497 4896 1596 4969 adduc
1613 4898 1692 4966 lerci-
1709 4896 1817 4963 duae·-

308 5007 369 5068 eiar
392 5002 517 5068 Caecilii
544 4998 583 5064 ab
613 4996 723 5061 eodem
751 4989 924 5062 Mendozio
953 4992 1031 5054 rela—
1089 5036 1121 5075 „
1141 5006 1208 5058 aaut
1231 4992 1299 5056 dtr.

309 5108 381 5159 urm
398 5095 508 5162 ibidem
526 5096 582 5160 rol.
605 5106 642 5156 12
648 5112 701 5175 3⁴·
720 5093 790 5160 lite
809 5093 853 5153 ll.
874 5082 918 5151 ibi
931 5106 944 5151 ;.
962 5086 1037 5153 stan

1329 5416 1520 5552 A
