4156 5910
275 390 386 511 144

119 623 127 636 ·
269 591 447 699 geruinus
487 574 553 664 ille
580 575 852 685 barbarismi,
883 584 1002 691 atque
1043 563 1360 691 importunitatis
1388 581 1611 693 argumenti
1642 576 1799 699 scopu-J

273 703 331 786 lus
360 699 565 785 devitatur
582 697 617 780 i·

315 886 318 890 .
386 818 527 905 Potuit
552 810 756 917 demum,
789 811 841 901 ιιὲ
868 815 1052 903 Lestores
1078 814 1383 918 obtundamus,
1412 814 1579 923 affinitas
1607 822 1795 906 vocumj

267 962 390 1025 evtvs
418 933 457 1016 δι
486 960 593 1021 crvrs
622 929 682 1042 (st
712 929 844 1043 spreto
868 930 964 1019 sono
992 960 1107 1046 quem
1136 933 1297 1050 prolate
1318 934 1443 1023 edunt
1467 963 1601 1023 earum
1628 928 1792 1023 ta'ntirm

267 1056 461 1166 pidluram
484 1044 762 1166 attendamus)
793 1044 922 1136 verbis
951 1049 1003 1135 de
1032 1049 1176 1163 quibus
1201 1057 1353 1166 agimus
1380 1058 1421 1138 in
1447 1080 1490 1138 ea
1514 1052 1790 1141 contestatio·

269 1199 322 1256 ne
352 1167 481 1252 locum
501 1161 648 1251 secere.
683 1166 779 1251 Haec
803 1171 933 1253 autem
950 1162 1117 1253 affinitas
1150 1186 1193 1256 vt
1218 1168 1474 1275 clariorfiat,
1502 1164 1703 1258 sciendum
1731 1165 1789 1256 ell

268 1283 389 1374 initio
421 1281 593 1367 litteram
629 1282 668 1367 V
697 1279 775 1368 'seu
800 1282 1012 1386 consona,
1052 1284 1131 1373 stre
1159 1284 1307 1374 vocalis
1331 1281 1466 1386 esset,
1503 1280 1528 1367 ὲ
1558 1284 1704 1373 duabus
1732 1287 1791 1373 li-

267 1401 355 1491 neis
384 1395 555 1512 supernis
582 1396 728 1510 patulis
755 1453 769 1499 ,
800 1395 957 1487 infernis
990 1402 1083 1485 verb
1116 1409 1304 1493 connexis
1344 1420 1465 1518 atque
1492 1403 1533 1485 in
1565 1411 1792 1516 ριιιιέιιιιιι,Ι

268 1514 378 1634 quod
407 1514 482 1602 basr
519 1512 629 1599 lineae
657 1517 850 1603 incumbit
878 1516 1172 1625 defluentibus,
1207 1524 1281 1607 hac
1315 1516 1442 1632 figurb
1474 1516 1561 1603 vt
1590 1522 1783 1609 Romanis

267 1635 464 1750 perpetuo
491 1629 654 1745 depingi
680 1659 696 1737 3
726 1661 853 1745 neque
892 1630 971 1719 illis
998 1631 1217 1743 lunatam,
1253 1655 1321 1725 aut
1344 1654 1542 1723 arcuatam
1566 1632 1668 1723 illam
1699 1634 1786 1723 anfi

268 1772 429 1840 rantum
460 1746 604 1835 inflexd
638 1749 742 1836 lineri
768 1748 1049 1853 constantem,
1092 1756 1204 1841 cuius
1236 1760 1316 1840 ima
1353 1770 1565 1842 curvatura
1599 1750 1673 1839 bah
1710 1758 1785 1837 in·

270 1871 414 1955 nititur
441 1863 516 1950 haic
542 1861 668 1952 formd
698 1858 773 1962 U,
803 1868 1002 1978 cognitam
1035 1870 1197 1986 usquam
1236 1862 1345 1958 fuisse
1374 1869 1496 2071 (asp,
1527 1865 1595 1956 sed
1621 1899 1707 1959 eant
1736 1892 1788 1957 ex

271 1985 450 2072 Gothico
470 1982 687 2105 charactere
712 1977 947 2073 descendere
977 1984 1104 2102 (b),
1133 1989 1209 2103 qud
1228 1994 1347 2076 etiam
1372 2014 1426 2100 po
1459 1991 1564 2073 erior
1592 2002 1680 2077 aetas
1708 1982 1787 2072 ad·

270 2109 375 2190 iedto
416 2101 438 2187 i
466 2097 612 2185 hnistrd
641 2098 771 2209 fulcro
797 2108 837 2189 in
876 2102 980 2188 hunc
1010 2104 1178 2191 modum
1206 2128 1244 2208 u
1269 2110 1309 2189 in
1334 2101 1472 2189 medio
1498 2100 1686 2190 didlionis
1718 2098 1785 2190 vsa

270 2221 325 2307 ell
351 2218 443 2334 (c).
473 2217 639 2305 Constat
671 2238 860 2330 preterea
891 2247 939 2306 ex
968 2222 1180 2309 Veteribus
1209 2220 1376 2307 nummis
1404 2239 1524 2336 atque
1555 2218 1790 2334 inscriptio«

272 2335 387 2421 nibus
417 2336 665 2447 incognitum
695 2335 886 2423 Romanis
911 2330 1030 2424 fuisse
1054 2344 1271 2446 punctum,
1298 2366 1379 2453 quo
1406 2363 1454 2424 tx
1484 2335 1685 2423 hodierno
1717 2332 1789 2424 vsu

272 2450 497 2538 litteraml
534 2454 574 2533 iu
611 2450 755 2535 minori
788 2447 1003 2561 presertim
1043 2449 1236 2539 scribendi
1271 2476 1416 2566 genere
1454 2449 1636 2565 iusrgniri
1671 2449 1788 2539 vide-

270 2589 390 2669 mus;
419 2590 548 2681 neque
577 2564 619 2649 id
644 2580 736 2653 ante
764 2587 911 2648 annum
925 2563 1071 2645 Christi
1088 2562 1341 2651 millesimum
1357 2558 1517 2677 nsquam
1545 2574 1586 2655 in
1611 2567 1678 2656 vsu
1697 2558 1794 2650 fuis-

270 2684 350 2788 se,
380 2682 490 2793 quod
515 2679 577 2769 rel
605 2678 731 2793 ipsum
758 2678 957 2790 specimen
993 2678 1226 2765 characteris
1263 2684 1565 2771 Sacramentarii
1592 2684 1792 2771 Leoniani

271 2804 295 2887 ὲ
323 2799 544 2889 Blanclrino
572 2798 727 2888 editum
756 2795 900 2885 docere
925 2818 992 2880 eos
1022 2801 1216 2911 poterit,
1245 2803 1316 2913 qui
1340 2798 1409 2887 has
1435 2805 1620 2889 minutias
1650 2795 1794 2909 regii-2

270 2919 425 3030 gendes
450 2916 630 3007 ducunt.
1014 3012 1017 3017 ,

393 3037 500 3117 Hinc
528 3051 659 3123 autem
682 3036 899 3147 analogiam
925 3037 1030 3121 inter
1060 3058 1178 3118 uoces
1203 3060 1323 3123 evrvs
1351 3034 1389 3115 bc
1421 3058 1529 3118 crvrs
1553 3085 1570 3133 ,
1597 3029 1625 3114 sr
1651 3030 1794 3117 ostani

274 3148 400 3239 saculi
416 3151 656 3260 Scriptorum
682 3159 962 3252 attendamus,
991 3148 1125 3261 paullo
1160 3148 1237 3233 iam
1258 3144 1536 3234 dilucidiorem
1563 3147 1649 3234 fore
1680 3146 1797 3232 arbi·

276 3291 384 3356 tror.
416 3261 641 3355 Secundbrn
670 3299 755 3357 earn
770 3275 873 3358 eninr
896 3270 939 3350 in
955 3264 1109 3354 Codice
1133 3288 1182 3347 ex
1204 3291 1284 3379 quo
1298 3265 1545 3352 Leonieoum
1565 3268 1797 3351 Sacramen-

272 3383 418 3471 tarium
442 3381 680 3497 descriptum
698 3382 775 3471 fuit
801 3394 855 3472 ite
884 3388 1051 3470 omniuo
1073 3408 1137 3468 eas
1155 3410 1271 3469 voces
1304 3388 1523 3475 cums
1562 3383 1797 3480 (Ἦλις,

274 3522 342 3588 aut
380 3527 463 3586 non
499 3500 627 3589 multo
660 3502 895 3589 dissoniliter
927 3494 1042 3584 scribi
1084 3502 1308 3608 oportuit,
1352 3494 1463 3609 quod
1506 3494 1546 3576 dt
1580 3489 1795 3603 multiplici

275 3621 458 3731 exemplo
483 3646 533 3705 ex
547 3623 630 3706 eius
648 3627 772 3705 etatis
787 3614 1004 3703 Codicibus
1035 3614 1206 3724 probare
1225 3613 1455 3724 possemus,
1486 3608 1556 3695 nisa
1579 3637 1637 3698 res
1660 3610 1795 3695 mani-

274 3732 364 3822 festa
385 3732 505 3822 esset.
537 3739 623 3825 lam
649 3737 746 3823 verb
772 3733 973 3819 Librarius
1001 3726 1133 3811 Latini
1159 3775 1174 3825 ,
1208 3746 1252 3816 vt
1278 3727 1531 3840 supponimus
1557 3779 1575 3827 ,
1601 3722 1795 3814 sermonis

1686 3864 1798 3948 rgna-

318 4009 381 4081 (a)
406 3999 520 4073 Forsan
535 3998 691 4094 singularis
705 3995 763 4070 erit
786 4012 871 4069 vetus
882 3996 1001 4069 Tibur·
1059 3993 1162 4083 posrro
1191 4014 1322 4086 quoque
1351 3991 1383 4061 in
1404 3987 1520 4059 srnistra
1546 4004 1634 4076 parte
1657 3982 1797 4054 obtuso-

275 4095 336 4158 tina
366 4088 521 4182 inscriptio
554 4090 1002 4184 ap·1ll·Equit.Paulum.1
1060 4088 1086 4154 ri
1112 4090 1240 4155 fulcro·
1277 4081 1357 4154 Eam
1380 4082 1465 4173 quod
1504 4104 1607 4151 recens
1631 4077 1720 4147 erilta
1744 4092 1794 4145 at.

273 4186 494 4269 Columnam,
519 4186 629 4278 inqua
648 4184 749 4255 littera
770 4208 790 4251 u
808 4182 940 4252 consona
961 4181 999 4248 ad
1061 4202 1146 4269 que,
1171 4188 1384 4261 reputamus,
1411 4172 1524 4241 inedita
1546 4169 1631 4274 snex
1649 4168 1798 4259 archety-

274 4290 401 4346 arcuata
412 4276 494 4348 illius
505 4277 649 4364 Gothico
663 4272 798 4368 figuram
809 4274 928 4345 accedit
945 4294 1003 4356 ap·
1061 4294 1100 4355 pa
1122 4274 1140 4337 b
1163 4268 1252 4339 nobis
1273 4264 1458 4355 descriptam
1479 4266 1749 4351 representamus·

901 4416 1165 4547 meroni

906 4577 1165 4666 uenerat

869 4800 872 4807 ·
926 4764 1158 4855 snchM

321 4979 383 5063 (b)
405 4970 608 5043 Mabillooius
637 4978 673 5041 de
700 4982 749 5045 Re
779 4974 945 5060 Dsolamot·
975 4995 1003 5040 r·
1065 4980 1097 5047 ia
1121 4973 1323 5059 orthograph.
1349 4974 1422 5041 Lat.
1441 4979 1477 5042 da
1498 4980 1609 5050 Vocon·
1622 4984 1666 5047 V.

284 5093 338 5137 nr
365 5098 397 5148 4·
416 5086 492 5154 pag.
513 5089 569 5148 4⁷·
597 5086 647 5150 ap.
678 5061 829 5131 Heinecc·
853 5068 1000 5132 Fundam.
1109 5062 1176 5147 (c)
1200 5060 1350 5130 Heinecc.
1382 5061 1529 5134 Fundam·
1564 5066 1627 5141 slili
1652 5074 1741 5145 Part.
1764 5077 1793 5141 1.

270 5164 333 5244 ,sess
353 5163 440 5232 ΡΜ·
463 5160 491 5229 Ῑ·
514 5163 588 5245 clip·
609 5161 637 5226 Is
653 5160 715 5233 Vl·
739 5172 801 5228 Ml·
819 5157 849 5223 l·
870 5152 999 5239 Chdhstl's
1060 5158 1140 5249 flspc
1158 5158 1186 5245 I}
1211 5159 1273 5241 Vl·
1296 5173 1355 5229 sisso
1376 5157 1436 5227 III·
1609 5152 1614 5159 Ι
1787 5151 1793 5159 -
