4184 5904
1568 322 1637 439 25

134 537 188 606 rte
213 514 404 625 temporis
421 535 504 618 quo
532 503 800 620 unusquisque
831 503 1072 615 Pontificum
1097 502 1238 592 Sedent
1259 506 1467 603 obtinuit,
1495 511 1642 597 mirum

135 646 327 749 quantum
361 622 570 711 diffideant
600 644 687 709 tum
720 628 823 708 inter
866 618 904 706 se
935 642 1020 709 tum
1056 629 1178 707 etiam
1209 624 1258 707 ab
1290 618 1490 713 Anastasio
1515 625 1644 712 Codi-

136 774 199 837 ces
233 747 273 827 br
303 740 488 850 Catalogi
526 745 743 827 anteriores
771 760 785 840 3
816 737 940 851 idque
968 737 1185 850 plurimum
1213 761 1261 822 err
1288 740 1548 826 arithmeticis
1575 768 1645 827 no-

138 871 194 951 tis
236 858 468 975 prepostere
500 880 568 945 aut
597 853 690 942 aliis
721 884 803 942 non
841 852 910 942 suo
946 854 1036 944 loco
1075 853 1312 957 collocatis,
1354 854 1537 967 aliquive
1576 884 1646 943 er-

136 1008 229 1065 rum
258 974 490 1089 importune
516 971 669 1060 adiecti
702 971 765 1061 rel
795 968 968 1079 omissi,
998 1000 1084 1090 que
1121 979 1162 1057 in
1194 973 1270 1059 hoc
1302 993 1536 1086 argumento
1565 979 1648 1058 mi·

139 1100 266 1187 nutiae
295 1092 321 1175 fi
353 1090 606 1205 negligantur
637 1116 795 1204 magnas
825 1091 869 1174 in
902 1090 1155 1204 expedienda
1181 1107 1405 1197 temporum
1431 1097 1646 1182 ratione..

141 1206 398 1297 difficultates
433 1205 605 1295 afferunt
634 1271 645 1292 .
690 1212 784 1292 Non
810 1204 935 1321 longe
963 1210 1216 1295 abierimus.
1255 1205 1475 1292 Anastasius
1498 1210 1647 1293 Dama·

137 1330 182 1415 so
213 1324 479 1413 Pontificrtiu
512 1352 632 1412 annos
656 1324 817 1412 XVIII.
852 1324 1001 1412 menses
1025 1325 1081 1407 11.
1118 1325 1203 1409 dies
1228 1323 1281 1405 X.
1308 1321 1491 1409 attribuit
1520 1355 1535 1433 3
1565 1328 1647 1407 Ca-

138 1441 291 1557 talogris
328 1462 464 1530 autem
504 1441 695 1529 secundus
730 1470 854 1528 annos
884 1446 1037 1529 tantum
1060 1441 1199 1527 XVII.
1227 1435 1377 1525 menses
1407 1455 1538 1527 tamen
1564 1439 1645 1523 ΙΙΙ.

139 1558 282 1649 Sedent
320 1550 490 1647 tenuiise
516 1559 709 1648 affirmat.
743 1555 958 1648 Diversrtas
985 1586 1034 1645 ex
1061 1561 1292 1669 Antiquerii
1313 1554 1523 1643 oscitantiti
1555 1572 1648 1640 nata

140 1676 349 1776 creditur,
376 1679 445 1792 qui
471 1705 561 1764 cum
590 1678 892 1764 arithmeticam
911 1692 1049 1763 notam
1072 1675 1107 1759 1.
1128 1702 1178 1762 ex
1204 1699 1395 1761 annorum
1426 1666 1651 1760 areolide-

139 1786 360 1892 traxiiset‚
396 1817 481 1874 eam
512 1814 605 1869 mox
637 1790 894 1865 Pontincarur
925 1783 1082 1864 Damasi
1126 1784 1277 1872 menses
1318 1812 1548 1875 enumerans
1581 1781 1652 1875 iis.-

135 1904 230 1995 dem
256 1896 582 2017 importunissime
610 1896 810 2000 restituit,
840 1892 945 2009 quast
967 1894 1019 1982 ad
1042 1895 1191 1985 menses
1215 1903 1352 2016 potius
1377 1899 1560 2019 quemad
1578 1927 1653 2010 arr-²

139 2050 214 2110 nos
240 2024 492 2135 pertineret.

259 2140 323 2223 De
338 2128 806 2250 siglir,compendiisque
832 2128 1055 2221 litterarum
1070 2136 1230 2222 uberior
1247 2141 1424 2251 ,opinor
1438 2190 1455 2239 2
1469 2165 1651 2227 errorum

136 2256 247 2372 seges
263 2252 351 2354 est,
377 2250 497 2367 quim
524 2268 568 2335 rt
585 2276 672 2339 earn
696 2245 824 2331 allatis
847 2247 1300 2361 exempliseorrfirmare
1322 2272 1529 2371 oporteat.
1562 2258 1654 2341 Ne·

140 2404 217 2489 que
235 2376 395 2482 ambigo
421 2359 615 2455 nonnulla
632 2364 681 2449 ab
695 2359 920 2464 Anastasio,
934 2361 1094 2452 furtaffis
1111 2366 1232 2458 etium
1253 2371 1276 2457 ri
1301 2366 1461 2461 secundi
1477 2368 1650 2485 catalogi

141 2492 346 2604 Scriptore
374 2494 417 2573 in
446 2508 688 2599 unoquoque
703 2504 854 2674 genere
872 2479 1151 2593 pretermiffa3
1184 2486 1324 2571 verum
1352 2518 1397 2573 ea
1426 2509 1558 2575 tamen
1575 2452 1719 2571 deff-“³-

144 2604 237 2689 lina
268 2602 359 2689 sunt
388 2602 529 2712 quibus
555 2601 699 2704 ignovi
732 2626 754 2675 e
784 2594 939 2675 velim.
970 2598 1130 2678 Etenim
1161 2598 1229 2682 vbi
1256 2599 1371 2709 plura
1405 2606 1538 2687 nitent
1574 2603 1650 2684 in.»

143 2741 267 2830 opere
295 2770 311 2817 ,
339 2718 473 2826 prucis
502 2732 598 2821 quas
630 2723 701 2790 eut
729 2705 876 2791 iniuria
912 2702 1017 2793 fudit
1048 2707 1206 2795 maculis
1233 2766 1248 2815 ,
1278 2732 1344 2802 aut
1375 2720 1549 2805 bumana
1578 2746 1653 2830 pn-

138 2861 229 2918 rum
255 2838 521 2917 erritorium
551 2846 634 2905 non
663 2824 846 2928 protinus
874 2817 1130 2904 offenduntur
1159 2830 1307 2930 quibus
1342 2828 1399 2914 est
1431 2861 1590 2950 equus,
1615 2836 1655 2918 δι

139 2965 284 3062 pater,
313 2945 467 3047 &res3
497 2943 618 3023 immo
649 2931 675 3016 ὲ
704 2933 906 3015 contrario
935 2930 1071 3041 mitius
1099 2961 1189 3019 cum
1216 2938 1391 3030 Austore
1423 2949 1656 3060 agendum,

138 3059 495 3172 sublevandamque
525 3058 606 3139 eius
643 3045 878 3134 industriam
915 3046 1127 3162 aequitiimo
1156 3055 1244 3138 iure
1283 3057 1493 3167 censent,
1532 3059 1655 3152 sicubi

142 3208 231 3271 eam
260 3178 437 3265 laborare
467 3175 702 3280 contingat.
901 3242 905 3253 .
1140 3238 1145 3255 ,
1305 3270 1308 3275 ¹

261 3297 352 3406 Ego
372 3287 470 3375 verb
501 3284 648 3369 nedum
687 3283 729 3365 iu
758 3280 832 3369 bue
862 3296 973 3393 parte
1004 3276 1208 3373 Anast'ufio
1234 3290 1273 3372 &
1301 3288 1462 3381 secundi
1486 3297 1655 3414 catalogi

144 3415 343 3522 Scriptori
374 3398 697 3516 indulgendum,
725 3395 793 3481 sed
815 3395 981 3483 ulterius
1003 3428 1052 3483 ex
1077 3399 1166 3510 ipsis
1196 3410 1267 3516 qui
1292 3408 1335 3492 in
1353 3398 1532 3525 'utroque
1559 3443 1655 3501 con·

144 3529 372 3639 spiciuntur
406 3525 525 3606 nevis
560 3541 698 3603 eorum
739 3508 858 3598 fidem
889 3511 1058 3598 mirifice
1086 3521 1442 3613 commendandum
1483 3529 1653 3615 censen.

145 3649 252 3731 Cum
281 3639 430 3729 etenim
458 3632 509 3720 de
538 3627 737 3715 Anastasio
764 3628 1058 3738 predixerimur
1081 3633 1352 3726 Colleetorem
1381 3671 1506 3744 eum,
1535 3672 1653 3739 non„

146 3768 361 3851 Auctorem
386 3741 500 3838 fuisse
528 3740 770 3834 Pontificnlis
798 3745 909 3831 Libri
939 3746 1043 3863 (quo
1070 3755 1193 3840 etiam
1225 3756 1314 3842 iure
1336 3786 1381 3844 uc
1409 3765 1570 3849 nomine
1595 3761 1655 3847 se·

147 3876 270 3965 cundi
296 3871 463 3982 catalogi
486 3864 667 3976 Scriptor
684 3886 788 3994 ‘meo
816 3862 977 3975 quidem
1007 3869 1158 3957 iudicio
1175 3872 1392 3962 censendus
1418 3878 1544 3992 est):
1572 3908 1655 3965 ma·

147 3997 224 4081 luit
250 3990 352 4077 alter
377 4012 460 4101 quae
486 3983 531 4066 in
559 3979 776 4065 Liberrano
801 3975 983 4091 catalogo
1012 4006 1244 4095 repererat,
1276 4011 1493 4104 utcumque
1527 3995 1652 4082 dubia

147 4131 215 4203 aut
245 4134 381 4222 parum
411 4102 482 4187 srbi
510 4110 741 4210 comperta,
767 4091 1036 4209 relinquere3
1062 4098 1162 4185 aiter
1196 4099 1293 4185 verb
1320 4130 1406 4215 quae
1428 4112 1469 4189 in
1498 4116 1651 4221 priori.

151 4232 224 4321 bus
250 4222 325 4310 illis
349 4220 563 4306 Liberieno
589 4212 868 4315 &Felicieuo,
898 4234 1018 4329 atque
1044 4222 1084 4303 in
1110 4221 1378 4305 recentiorum
1405 4224 1650 4314 Pontificum

154 4350 254 4433 vitis
282 4342 329 4426 ab
355 4327 525 4449 ipsarum
553 4328 795 4416 Auctoribus
832 4323 974 4444 scripte
998 4332 1155 4446 pridem
1184 4332 1380 4440 viderat,
1406 4340 1649 4456 qualiscum-

183 4489 233 4545 ue
254 4452 415 4544 tandem
432 4448 681 4535 eorum‘fides
696 4439 818 4546 effer,
832 4455 1027 4534 retinere:
1059 4453 1181 4563 quiem
1196 4455 1406 4566 quicquam
1432 4462 1650 4544 immutan-

152 4492 208 4664 30
234 4594 305 4661 aut
328 4564 554 4655 adiiciendo
571 4557 709 4651 seriem
735 4562 1027 4651 Pontificatum
1048 4566 1242 4684 gestorum
1259 4571 1509 4676 uniuersam,
1543 4574 1648 4663 surm

153 4685 449 4808 quodammodo
478 4677 633 4781 facere,
662 4680 820 4794 eiusque
854 4688 1067 4769 veritatem
1093 4685 1277 4771 tuendum
1306 4693 1348 4773 in
1373 4688 1413 4774 se
1443 4691 1647 4801 recipere.

32 4904 44 4925 g
275 4809 361 4893 lent
387 4801 484 4889 verb
509 4817 554 4886 rt
584 4798 666 4912 qub
691 4797 772 4883 haec
797 4797 959 4886 demum
986 4808 1214 4912 pertineant
1243 4801 1476 4904 videamus,
1505 4833 1649 4917 rogan·

149 4928 229 5045 eius
254 4918 428 5042 primum
451 4915 709 5011 Terribilinur
728 4915 814 5021 est,
843 4944 935 5005 nuru
964 4920 1064 5030 quid
1095 4916 1270 5007 Vriiciui
1298 4926 1459 5043 eiusque
1483 4919 1649 5011 set‘tnto-

955 5037 1000 5124 D
1560 5066 1650 5137 rum
