4184 5904
271 437 276 445 ’
448 418 611 558 dicio
645 419 1001 556 tribuatur.
1048 415 1270 554 Verium
1308 464 1445 555 cum
1489 420 1716 594 eosdem
1757 456 1972 560 tomen

448 604 885 778 integerrimos
908 630 1096 775 atque
1120 596 1650 775 incorruptiffimos
1675 605 1975 753 nouerim,

447 820 706 957 quorum
748 775 1012 952 proinde
1065 775 1233 907 eitrd
1273 782 1572 952 iopignem
1618 778 1974 911 iniurium
2074 942 2078 948 ι

448 997 624 1086 nemo
667 953 880 1085 contrd
932 950 1123 1133 qndm
1150 952 1462 1125 senserint
1501 949 1805 1086 iudicium
1833 993 1973 1133 pro·

447 1122 645 1307 tule'ffe
657 1127 967 1306 stospicori
1003 1126 1278 1260 nudent:
1337 1172 1459 1261 non
1510 1128 1753 1297 obscuro
1810 1127 1973 1262 milri

424 1308 570 1483 spes
605 1349 647 1482 o
697 1307 868 1482 uiget
887 1302 1051 1478 fieri
1084 1301 1340 1437 eundem
1370 1297 1526 1482 poffe
1556 1401 1582 1456 ,.
1616 1339 1687 1439 vt
1720 1349 1786 1437 eo
1821 1344 1975 1484 proe-⁸

417 1480 589 1661 sidio
654 1481 799 1615 ultre
829 1486 1104 1618 rationes
1130 1477 1339 1653 nostro
1365 1477 1613 1613 tamdiu
1620 1476 1975 1653 stistineont

242 1770 257 1805 „
448 1655 972 1828 Aduersstriorum
1029 1660 1380 1837 impetum,
1440 1652 1590 1788 dum
1656 1652 1746 1788 Hi
1808 1659 1975 1790 unice

449 1834 832 2008 Scriptorum
882 1834 1125 1984 cohors,
1170 1879 1361 2012 quom
1389 1834 1559 1968 nobie
1601 1838 1752 1967 anui
1777 1839 1838 1966 io
1853 1833 1990 2013 su-¹

448 2012 1036 2190 turomsperomus,
1080 2012 1344 2189 nquiore
1385 2009 1510 2146 loco
1543 2045 1829 2189 pugnam
1873 2026 1975 2143 eo-'

436 2177 711 2364 peffere,
754 2185 945 2367 deque
968 2187 1227 2360 flumme
1268 2232 1479 2322 rernm
1515 2188 1650 2319 orie
1693 2232 1829 2320 eum
1869 2184 1971 2317 ho-

359 2429 365 2435 ·
423 2364 525 2536 ste
559 2360 872 2497 decertare
908 2365 1163 2500 voleat.
1208 2364 1258 2496 S
1258 2368 1380 2496 one
1417 2358 1514 2499 vti
1553 2408 1711 2497 nnus
1739 2405 1847 2539 ego
1869 2458 1886 2513 ,
1902 2362 1979 2533 fi

444 2583 582 2672 eum
628 2570 719 2672 tot
756 2537 923 2670 Viris
949 2541 1381 2713 strennifflmis
1419 2537 1710 2716 congredi
1742 2536 1834 2667 od
1872 2577 1975 2667 me

438 2713 814 2887 recuperem,
868 2712 1168 2844 Plautino
1207 2709 1318 2844 illo
1354 2715 1749 2879 Palaestrione
1794 2707 1974 2880 confl—

221 3016 250 3079 s
446 2887 687 3019 dentior
720 2880 1031 3011 habendus
1053 2875 1257 3059 effem:
1304 2881 1483 3054 itast
1510 2883 1815 3036 oliorum,
1860 2887 1973 3066 qui

445 3060 524 3193 ob
548 3054 845 3236 Hisponis
872 3056 1053 3233 stoue
1089 3053 1420 3205 videntur,
1464 3054 1829 3231 velidiffimo
1859 3107 1970 3241 og·

446 3239 615 3368 mine
629 3235 905 3413 stupetur
937 3266 1250 3370 certamen
1292 3228 1730 3388 detreilorem‚
1775 3235 1856 3378 id
1891 3240 1968 3371 il·

442 3414 527 3546 tis
563 3415 875 3563 iniurius,
918 3412 999 3556 ὅθ
1037 3412 1258 3547 nerito
1295 3414 1660 3561 mortalium
1691 3413 1970 3547 omnium

445 3587 729 3722 audirem
768 3588 1227 3764 ignoviffimus.
1272 3585 1403 3718 Sed
1440 3591 1519 3731 Ed
1563 3584 1729 3718 illud
1761 3632 1857 3716 me
1897 3621 1970 3724 vt

423 3762 764 3940 striberom
798 3764 1086 3941 compulit
1105 3859 1123 3914 ‚
1145 3767 1337 3907 Comes
1366 3767 1767 3913 loosmrssmn,
1811 3763 1978 3939 quod

444 3983 583 4073 cum
627 3983 746 4074 non
789 3944 887 4075 ito
930 3937 1180 4118 pridem
1206 3938 1600 4115 strperssitnm
1647 3942 1721 4072 in
1765 3939 1969 4076 Vrbe.»

443 4113 773 4292 -Hisponici
805 4119 1077 4251 nominis
1108 4150 1636 4253 monumentorum
1665 4107 1971 4250 Colledio-

444 4336 588 4425 nem
632 4288 1052 4472 affilviffssms
1115 4296 1186 4425 in
1230 4338 1355 4473 que
1397 4289 1565 4425 CCC.
1609 4295 1860 4428 circiter
1898 4290 1971 4424 Il·

445 4465 727 4634 lodlrinm
774 4469 998 4610 Gentio
1034 4468 1241 4645 nostru
1282 4470 1568 4606 Virorum
1618 4470 1969 4647 imagines,

449 4644 769 4821 elogio&
780 4645 1469 4827 gentilitiestemmoto
1491 4643 1748 4781 totidem
1772 4691 1972 4824 grun-

445 4820 722 4958 dioribus
773 4824 1060 5001 chortis,
1104 4825 1408 5004 quantum
1425 4821 1590 4999 fieri
1630 4831 1833 5003 potuit
1873 4868 1973 4973 oc,-

1878 5050 1968 5119 cu·

917 5319 1223 5552 Α·
