4184 5904
297 359 404 495 138

292 574 523 683 Martyrum
555 570 702 681 patriae
729 628 741 653 .
772 564 821 653 In
849 576 941 657 toto
967 592 1018 655 co
1038 562 1192 657 Codice
1219 564 1244 682 (
1257 564 1376 683 quim
1410 567 1631 685 roagium:
1658 588 1812 691 patet,

292 710 337 778 rt
364 716 451 773 eam
483 686 678 800 praecipue
715 688 768 773 ob
795 687 947 777 causam
975 684 1340 778 Reverendisstmus
1381 687 1491 813 Spcri
1517 689 1661 779 Palatii
1685 700 1815 811 Apo·

290 805 417 893 stolici
443 806 632 920 Magister
661 803 798 897 Orsrus
827 813 898 925 (a)
931 835 1014 894 non
1039 811 1312 906 homanum,
1340 798 1407 891 sed
1435 808 1602 898 omnino
1629 810 1813 901 Gelasiu-

290 954 390 1011 num
428 916 503 1010 eise
538 926 830 1039 contendit),
872 944 993 1041 atque
1023 926 1066 1011 in
1101 942 1212 1012 tauta
1251 919 1459 1011 Miffarum
1496 930 1536 1013 δι
1561 928 1810 1019 Orationum

290 1044 432 1158 quibus
461 1041 637 1129 abundat
663 1040 784 1139 silvai,
810 1038 966 1131 vnicum
993 1043 1105 1131 nobis
1136 1041 1363 1155 exemplum
1400 1060 1540 1157 preter
1569 1036 1810 1138 Laurentia·

288 1189 380 1249 nam
416 1158 524 1247 illam
557 1154 899 1246 Contestationem
927 1161 1104 1249 occurrit
1127 1154 1302 1247 iti‘Missa
1328 1160 1461 1249 sanni
1484 1160 1707 1255 Clementis
1733 1168 1811 1253 Pa-

290 1306 354 1394 pae
379 1281 420 1361 dc
447 1279 673 1389 Martyris,
701 1276 808 1363 cuius
835 1277 953 1366 verba
977 1276 1106 1366 stsiere
1136 1269 1389 1368 necessarium
1416 1278 1607 1371 duximus
1634 1286 1732 1403 (b):

412 1395 501 1484 Veri
529 1402 709 1509 dignum.
736 1394 897 1485 Sancrr
923 1424 1153 1486 ctemrums
1180 1400 1380 1514 noreyris
1399 1404 1465 1489 tni
1485 1405 1678 1492 natalitia
1702 1404 1806 1492 cele-

284 1514 444 1605 brantes
470 1571 484 1619 ,
513 1524 588 1630 qni
613 1518 869 1629 cognationem
897 1520 1067 1630 reliquit
1092 1520 1147 1617 pp
1166 1524 1351 1632 patriam
1373 1540 1390 1621 3
1421 1517 1478 1615 ὃ*
1493 1516 1576 1636 post
1601 1520 1803 1607 odorema

284 1636 450 1720 nominis
485 1638 553 1723 tni
574 1651 707 1722 terras
749 1637 958 1746 mariaque
982 1634 1293 1750 troetsmitten53
1320 1636 1588 1754 abnegansque
1597 1634 1800 1757 semetip-

268 1748 404 1869 sum,
435 1768 480 1837 at
508 1754 559 1834 Te
576 1767 654 1862 per
680 1744 937 1863 Apostolorum
964 1772 1120 1841 tuorum
1151 1752 1309 1871 aesiigio
1324 1754 1591 1871 sequeretur.
1622 1758 1695 1845 Cni
1716 1772 1800 1853 tn,

282 1871 478 1964 Domine,
493 1864 711 1983 secundnm
724 1865 1005 1985 promisstenem
1020 1872 1121 1959 Filii
1142 1879 1208 1962 tni
1220 1924 1235 1971 ,
1261 1895 1347 1962 tam
1370 1881 1415 1959 in
1465 1873 1653 1990 referti,
1679 1872 1800 1984 quim

282 1992 328 2071 in
350 1982 491 2091 fretnro
515 1982 664 2098 seculo
692 1991 865 2100 centupli
895 1997 1068 2079 maneria
1090 1993 1266 2105 premia
1293 1893 1500 2109 repensddii
1528 2016 1541 2076 t
1584 2014 1675 2078 nam
1702 1990 1833 2091 Rea,

280 2097 413 2217 tissimi
441 2126 563 2185 reatu
590 2127 678 2187 mox
706 2105 861 2193 tradito
884 2104 1134 2223 disciplinis,
1163 2162 1195 2210 „
1223 2108 1410 2194 Parentes
1442 2134 1541 2220 quos
1569 2110 1610 2191 in
1637 2104 1804 2221 genitali

281 2216 365 2303 solo
389 2214 650 2327 perdiderat,
682 2221 729 2301 in
755 2240 919 2310 externo
947 2230 1101 2341 regione
1124 2224 1327 2342 restitnit.
1358 2227 1511 2313 Deinde
1524 2218 1714 2340 Magistri
1728 2218 1807 2339 fici

280 2334 480 2422 Vitorium
496 2352 576 2448 per
603 2335 779 2422 ordinem
791 2336 1074 2453 stebrogando,
1102 2394 1137 2443 „
1166 2344 1355 2427 Romana
1384 2342 1531 2444 Vrbis,
1564 2342 1674 2426 cuius
1704 2362 1806 2449 pro·

284 2451 379 2565 ptdr
407 2452 469 2535 Te
497 2450 732 2566 despexerat
756 2448 1025 2567 dignitatem,
1055 2458 1186 2546 tenere
1213 2456 1408 2569 constituis
1422 2461 1724 2571 principatum.

398 2572 492 2653 Haec
518 2589 649 2664 autem
674 2569 767 2657 bina
781 2571 950 2658 omniuo
968 2568 1143 2684 exempla
1173 2599 1260 2657 cum
1277 2568 1534 2687 fint,(quod
1561 2577 1603 2661 in
1624 2572 1808 2656 nonmi·

283 2689 398 2772 nimae
423 2681 535 2770 molis
562 2711 684 2800 opere
716 2684 784 2773 nifi
810 2687 1086 2777 consultissime
1122 2684 1268 2775 fanum
1297 2686 1478 2777 sciremus
1509 2686 1685 2775 miraculi
1714 2684 1806 2772 loco

283 2803 550 2917 habendum)
581 2808 757 2915 priorem
797 2803 904 2894 illam
940 2808 1103 2918 quidem
1142 2806 1273 2891 Santii
1306 2808 1511 2891 Laurentii
1549 2806 1806 2893 contestatio-

282 2948 372 3007 nem
404 2918 466 3007 sut
501 2918 539 3005 sc
568 2919 650 3007 fide
681 2922 707 3027 (⁵
719 2945 802 3028 quae
829 2948 948 3029 quam
977 2922 1126 3003 lubrica
1157 2915 1203 2999 tit
1232 2922 1460 3033 novimus)
1491 2929 1592 3003 tueri
1617 2936 1800 3025 oportet3

282 3067 364 3127 non
401 3044 509 3127 enim
545 3035 670 3123 alium
707 3028 828 3117 etot
866 3031 1079 3142 Liturgicis
1116 3028 1689 3119 Codicibusconsentientem
1722 3030 1802 3114 ha·

282 3158 381 3261 bett
417 3158 616 3269 posterior
637 3165 771 3236 autem
799 3148 868 3236 isia
894 3150 1028 3235 Sancti
1052 3146 1300 3249 Clementis,
1331 3145 1555 3234 millenario
1583 3152 1805 3261 antiquita-

281 3280 332 3359 tis
360 3274 495 3361 testem
536 3297 613 3386 pro
640 3264 680 3353 se
708 3263 911 3369 adducit,
942 3258 1098 3354 Missale
1136 3260 1283 3351 scilicet
1311 3264 1802 3355 Gothicocattcanum,

283 3391 512 3479 Cardinalis
543 3382 785 3486 Thomafii,
816 3390 857 3469 in
886 3409 967 3494 quo
994 3381 1165 3471 totidem
1192 3379 1350 3485 verbis,
1381 3400 1500 3497 atque
1526 3386 1566 3469 in
1594 3387 1802 3470 Leoniano

282 3511 619 3607 sacramentario,
641 3501 876 3589 Santiiffimi
905 3502 1103 3613 Martyria
1128 3506 1275 3616 patria,
1304 3506 1520 3610 cognatio,
1549 3493 1800 3616 dignitasque

281 3628 322 3710 in
352 3628 521 3742 proprie
558 3613 683 3708 Missa
721 3620 1012 3706 contestatione
1039 3618 1274 3706 habentur.
1308 3618 1411 3704 Vter
1453 3621 1502 3706 ab
1539 3638 1630 3705 vtro
1658 3618 1802 3704 Codex

283 3768 489 3831 mutuatus
517 3746 621 3829 huuc
647 3746 818 3829 tradium
842 3735 993 3839 fuerit,
1022 3762 1094 3819 nec
1117 3734 1234 3821 huius
1262 3730 1368 3835 loci,
1394 3764 1522 3850 neque
1550 3731 1662 3823 facile
1688 3732 1801 3823 divi·

282 3890 375 3949 nare
401 3862 487 3963 est3
518 3856 732 3972 presertim
761 3880 850 3942 cum
877 3854 928 3940 ad
956 3880 1119 3942 manum
1151 3851 1181 3935 ii
1206 3848 1379 3937 Codices
1404 3880 1487 3941 non
1506 3851 1613 3962 smt3
1643 3852 1800 3952 &aliis

281 3970 433 4065 Missale
466 3972 565 4061 illud
596 3969 1077 4061 Gothico-Gallicanum
1107 3996 1187 4057 non
1216 3973 1380 4057 minoris
1417 3970 1523 4057 forte
1548 3969 1801 4083 antiquitatis

283 4088 361 4179 eise
391 4092 508 4207 quim
539 4091 770 4183 Veronense
808 4092 1205 4184 sacramentarium,
1235 4114 1285 4175 ex
1311 4088 1372 4170 his
1401 4114 1485 4202 quae
1517 4084 1666 4173 Cardd.
1691 4089 1801 4174 Bona

279 4212 343 4331 (c)
375 4214 413 4298 &
440 4209 671 4300 Thornasrus
696 4206 769 4323 (d)
800 4208 1019 4323 prodidere
1049 4204 1196 4293 meriti>
1229 4200 1407 4315 suspicari
1437 4203 1642 4319 possamus.

395 4328 502 4411 Illud
528 4349 661 4414 tamen
681 4331 832 4414 interea
861 4322 989 4437 liquet
1009 4322 1337 4411 contestationem
1359 4320 1411 4408 de
1438 4330 1565 4435 patria
1586 4328 1626 4436 dt
1651 4342 1799 4430 cogna-

278 4454 392 4537 tione
421 4445 641 4531 Clementis
669 4441 839 4530 anilibus
873 4438 1012 4529 sabulis
1030 4441 1188 4555 plenam
1207 4440 1316 4548 esse3
1345 4460 1487 4551 utpote
1514 4468 1598 4551 quae
1626 4464 1673 4527 ert
1702 4466 1801 4525 cott-

277 4570 370 4654 ueto
397 4568 507 4651 Petri
536 4561 718 4677 Apostoli
746 4562 955 4648 itinerario
984 4558 1161 4675 (quod,
1191 4560 1310 4646 Libri
1336 4564 1633 4671 recognitionum
1657 4554 1801 4757 inscpi-

1761 4704 1796 4757 ι.

321 4840 386 4911 (a)
408 4824 688 4900 Reverendiistmus
711 4826 746 4893 Ρ.
770 4826 802 4894 S.
825 4826 861 4895 P.
879 4825 922 4893 Α.
937 4822 1009 4895 Ma·
1115 4831 1179 4907 (b)
1206 4831 1285 4895 Tam·
1299 4830 1362 4897 IV·
1382 4826 1521 4912 Anostofi
1537 4826 1795 4913 Prolegom·Pag.

273 4927 365 5015 gisicr
387 4922 500 4994 Orstus
522 4921 552 4987 in
567 4920 708 5006 Epistola
731 4916 805 4983 MS·
826 4920 865 4984 ad
887 4916 1009 4985 Cilo.
1066 4924 1139 4991 LII.

274 5020 401 5101 siphum
431 5010 636 5082 Blanchiuum
666 5012 705 5077 de
727 5006 871 5079 nonore
902 5011 1008 5079 Sacra-
1113 5014 1155 5083 (c)
1181 5019 1257 5083 Rer·
1272 5013 1398 5096 Lirnrg·
1418 5010 1487 5076 Lib·
1502 5012 1527 5077 I·
1550 5014 1623 5095 Cap·
1640 5010 1713 5075 XII.
1728 5032 1760 5077 n·
1773 5021 1805 5074 ί.

273 5104 414 5175 memmii
431 5103 643 5183 Veronensis,
667 5102 754 5171 cuius
769 5099 912 5169 meminit
927 5104 1010 5169 Aca·
1110 5101 1172 5184 (d)
1200 5109 1276 5171 iim·
1292 5108 1333 5170 II·
1353 5108 1409 5170 coi·
1426 5122 1499 5181 513.
1522 5105 1601 5185 Diffi
1621 5096 1678 5165 Cl·
1691 5097 1809 5169 Mure·

274 5221 340 5266 mus
360 5203 444 5267 Part·
464 5203 504 5268 11.
528 5209 558 5277 9·
576 5202 665 5269 nne.
681 5214 757 5285 pag·
776 5213 848 5279 ¹3²·
871 5192 987 5285 &lim
1072 5192 1147 5280 terii
1173 5198 1224 5266 ne
1244 5199 1369 5283 Litterg·
1388 5201 1523 5273 Romane
1540 5199 1677 5262 Verere·
