<?xml version="1.0" encoding="UTF-8"?>
<!DOCTYPE html PUBLIC "-//W3C//DTD XHTML 1.0 Transitional//EN"
    "http://www.w3.org/TR/xhtml1/DTD/xhtml1-transitional.dtd">
<html xmlns="http://www.w3.org/1999/xhtml" xml:lang="en" lang="en">
 <head>
  <title>
</title>
<meta http-equiv="Content-Type" content="text/html;charset=utf-8" />
  <meta name='ocr-system' content='tesseract 3.04.00' />
  <meta name='ocr-capabilities' content='ocr_page ocr_carea ocr_par ocr_line ocrx_word'/>
</head>
<body>
  <div class='ocr_page' id='page_1' title='image "./damasusetlauren00bygoog_0106.png"; bbox 0 0 4184 5904; ppageno 0'>
   <div class='ocr_carea' id='block_1_1' title="bbox 196 548 1795 2661">
    <p class='ocr_par' dir='ltr' id='par_1_1' title="bbox 196 548 1723 1720">
     <span class='ocr_line' id='line_1_1' title="bbox 196 548 1720 677; baseline -0.009 -29"><span class='ocrx_word' id='word_1_1' title='bbox 196 560 314 677; x_wconf 86' lang='lat' dir='ltr'><strong>ptore&#39;</strong></span> <span class='ocrx_word' id='word_1_2' title='bbox 340 576 662 646; x_wconf 73' lang='lat' dir='ltr'>COMPATRIOTAS</span> <span class='ocrx_word' id='word_1_3' title='bbox 688 571 704 652; x_wconf 83' lang='lat'>3</span> <span class='ocrx_word' id='word_1_4' title='bbox 734 569 855 661; x_wconf 86' lang='lat' dir='ltr'><strong>atque</strong></span> <span class='ocrx_word' id='word_1_5' title='bbox 889 548 1060 639; x_wconf 82' lang='lat' dir='ltr'><strong>iiPetro</strong></span> <span class='ocrx_word' id='word_1_6' title='bbox 1097 548 1280 637; x_wconf 86' lang='lat' dir='ltr'><strong>Diacono</strong></span> <span class='ocrx_word' id='word_1_7' title='bbox 1318 552 1358 633; x_wconf 91' lang='lat' dir='ltr'><strong>in</strong></span> <span class='ocrx_word' id='word_1_8' title='bbox 1390 576 1532 638; x_wconf 91' lang='lat' dir='ltr'><strong>eorum</strong></span> <span class='ocrx_word' id='word_1_9' title='bbox 1565 578 1720 666; x_wconf 86' lang='lat' dir='ltr'><strong>appen-</strong></span> 
     </span>
     <span class='ocr_line' id='line_1_2' title="bbox 198 661 1719 777; baseline -0.006 -15"><span class='ocrx_word' id='word_1_10' title='bbox 198 680 286 765; x_wconf 87' lang='lat' dir='ltr'><strong>dice</strong></span> <span class='ocrx_word' id='word_1_11' title='bbox 316 699 424 764; x_wconf 77' lang='lat' dir='ltr'><strong>vnn</strong></span> <span class='ocrx_word' id='word_1_12' title='bbox 455 697 635 757; x_wconf 81' lang='lat' dir='ltr'><strong>eeuiros</strong></span> <span class='ocrx_word' id='word_1_13' title='bbox 665 695 820 754; x_wconf 79' lang='lat' dir='ltr'><strong>rusum</strong></span> <span class='ocrx_word' id='word_1_14' title='bbox 855 665 1052 755; x_wconf 76' lang='lat' dir='ltr'><strong>verissime</strong></span> <span class='ocrx_word' id='word_1_15' title='bbox 1084 664 1163 751; x_wconf 89' lang='lat' dir='ltr'><strong>dici</strong></span> <span class='ocrx_word' id='word_1_16' title='bbox 1196 661 1399 777; x_wconf 80' lang='lat' dir='ltr'><strong>potuisse.</strong></span> <span class='ocrx_word' id='word_1_17' title='bbox 1430 671 1525 754; x_wconf 83' lang='lat' dir='ltr'><strong>Haec</strong></span> <span class='ocrx_word' id='word_1_18' title='bbox 1554 691 1719 765; x_wconf 86' lang='lat' dir='ltr'><strong>tamen,</strong></span> 
     </span>
     <span class='ocr_line' id='line_1_3' title="bbox 198 778 1722 896; baseline -0.011 -13"><span class='ocrx_word' id='word_1_19' title='bbox 198 794 269 883; x_wconf 93' lang='lat' dir='ltr'><strong>nisi</strong></span> <span class='ocrx_word' id='word_1_20' title='bbox 302 789 554 876; x_wconf 87' lang='lat' dir='ltr'><strong>vehementer</strong></span> <span class='ocrx_word' id='word_1_21' title='bbox 584 811 659 896; x_wconf 86' lang='lat' dir='ltr'><strong>ego</strong></span> <span class='ocrx_word' id='word_1_22' title='bbox 702 781 818 868; x_wconf 86' lang='lat' dir='ltr'><strong>fallor</strong></span> <span class='ocrx_word' id='word_1_23' title='bbox 848 837 863 885; x_wconf 91' lang='lat'><strong>,</strong></span> <span class='ocrx_word' id='word_1_24' title='bbox 892 778 1099 870; x_wconf 79' lang='lat' dir='ltr'><strong>eludenda:</strong></span> <span class='ocrx_word' id='word_1_25' title='bbox 1127 780 1260 893; x_wconf 82' lang='lat' dir='ltr'><strong>potiris</strong></span> <span class='ocrx_word' id='word_1_26' title='bbox 1292 778 1564 885; x_wconf 83' lang='lat' dir='ltr'><strong>difficultati,</strong></span> <span class='ocrx_word' id='word_1_27' title='bbox 1596 780 1722 868; x_wconf 89' lang='lat' dir='ltr'><strong>idest</strong></span> 
     </span>
     <span class='ocr_line' id='line_1_4' title="bbox 201 894 1721 1017; baseline -0.011 -18"><span class='ocrx_word' id='word_1_28' title='bbox 201 905 426 1000; x_wconf 88' lang='lat' dir='ltr'><strong>scindendo</strong></span> <span class='ocrx_word' id='word_1_29' title='bbox 455 901 573 1017; x_wconf 79' lang='lat' dir='ltr'><strong>quim</strong></span> <span class='ocrx_word' id='word_1_30' title='bbox 601 895 852 987; x_wconf 82' lang='lat' dir='ltr'><strong>dissolvendo</strong></span> <span class='ocrx_word' id='word_1_31' title='bbox 881 900 993 986; x_wconf 93' lang='lat' dir='ltr'><strong>nodo</strong></span> <span class='ocrx_word' id='word_1_32' title='bbox 1022 894 1148 1012; x_wconf 72' lang='lat' dir='ltr'><strong>longe</strong></span> <span class='ocrx_word' id='word_1_33' title='bbox 1167 904 1463 1014; x_wconf 70' lang='lat' dir='ltr'><strong>‘opportuniora</strong></span> <span class='ocrx_word' id='word_1_34' title='bbox 1493 898 1620 989; x_wconf 89' lang='lat' dir='ltr'><strong>sunt.</strong></span> <span class='ocrx_word' id='word_1_35' title='bbox 1667 895 1721 983; x_wconf 86' lang='lat' dir='ltr'><strong>ld</strong></span> 
     </span>
     <span class='ocr_line' id='line_1_5' title="bbox 197 1014 1723 1136; baseline -0.007 -23"><span class='ocrx_word' id='word_1_36' title='bbox 197 1044 243 1113; x_wconf 86' lang='lat' dir='ltr'><strong>vt</strong></span> <span class='ocrx_word' id='word_1_37' title='bbox 271 1021 401 1136; x_wconf 87' lang='lat' dir='ltr'><strong>paullo</strong></span> <span class='ocrx_word' id='word_1_38' title='bbox 430 1018 499 1108; x_wconf 87' lang='lat' dir='ltr'><strong>fiat</strong></span> <span class='ocrx_word' id='word_1_39' title='bbox 529 1016 780 1119; x_wconf 77' lang='lat' dir='ltr'><strong>dilucidius,</strong></span> <span class='ocrx_word' id='word_1_40' title='bbox 813 1014 1076 1104; x_wconf 84' lang='lat' dir='ltr'>secernendus</span> <span class='ocrx_word' id='word_1_41' title='bbox 1103 1017 1224 1102; x_wconf 90' lang='lat' dir='ltr'><strong>nobis</strong></span> <span class='ocrx_word' id='word_1_42' title='bbox 1259 1016 1358 1101; x_wconf 72' lang='lat' dir='ltr'><strong>esta</strong></span> <span class='ocrx_word' id='word_1_43' title='bbox 1386 1015 1610 1105; x_wconf 87' lang='lat' dir='ltr'><strong>Laurentio</strong></span> <span class='ocrx_word' id='word_1_44' title='bbox 1638 1020 1723 1102; x_wconf 85' lang='lat' dir='ltr'><strong>Da·</strong></span> 
     </span>
     <span class='ocr_line' id='line_1_6' title="bbox 198 1128 1721 1250; baseline -0.01 -19"><span class='ocrx_word' id='word_1_45' title='bbox 198 1142 356 1241; x_wconf 85' lang='lat' dir='ltr'><strong>niasus,</strong></span> <span class='ocrx_word' id='word_1_46' title='bbox 398 1136 528 1250; x_wconf 90' lang='lat' dir='ltr'><strong>deque</strong></span> <span class='ocrx_word' id='word_1_47' title='bbox 573 1136 685 1219; x_wconf 90' lang='lat' dir='ltr'><strong>liuius</strong></span> <span class='ocrx_word' id='word_1_48' title='bbox 727 1130 959 1245; x_wconf 81' lang='lat' dir='ltr'><strong>singulatim</strong></span> <span class='ocrx_word' id='word_1_49' title='bbox 996 1131 1129 1244; x_wconf 74' lang='lat' dir='ltr'><strong>patrid</strong></span> <span class='ocrx_word' id='word_1_50' title='bbox 1175 1128 1308 1217; x_wconf 89' lang='lat' dir='ltr'><strong>denuo</strong></span> <span class='ocrx_word' id='word_1_51' title='bbox 1350 1131 1617 1221; x_wconf 87' lang='lat' dir='ltr'><strong>instituendus</strong></span> <span class='ocrx_word' id='word_1_52' title='bbox 1664 1129 1721 1220; x_wconf 81' lang='lat' dir='ltr'><strong>ell</strong></span> 
     </span>
     <span class='ocr_line' id='line_1_7' title="bbox 197 1245 1723 1367; baseline -0.012 -18"><span class='ocrx_word' id='word_1_53' title='bbox 197 1258 354 1359; x_wconf 91' lang='lat' dir='ltr'><strong>sermo,</strong></span> <span class='ocrx_word' id='word_1_54' title='bbox 382 1249 574 1367; x_wconf 79' lang='lat' dir='ltr'><strong>tantisper</strong></span> <span class='ocrx_word' id='word_1_55' title='bbox 597 1272 730 1337; x_wconf 87' lang='lat' dir='ltr'><strong>tamen</strong></span> <span class='ocrx_word' id='word_1_56' title='bbox 762 1251 856 1335; x_wconf 93' lang='lat' dir='ltr'><strong>dum</strong></span> <span class='ocrx_word' id='word_1_57' title='bbox 887 1246 1067 1367; x_wconf 89' lang='lat' dir='ltr'><strong>quidde</strong></span> <span class='ocrx_word' id='word_1_58' title='bbox 1097 1277 1143 1335; x_wconf 86' lang='lat' dir='ltr'><strong>ea</strong></span> <span class='ocrx_word' id='word_1_59' title='bbox 1173 1250 1312 1336; x_wconf 86' lang='lat' dir='ltr'><strong>Petrus</strong></span> <span class='ocrx_word' id='word_1_60' title='bbox 1338 1245 1568 1351; x_wconf 86' lang='lat' dir='ltr'><strong>Diacouus,</strong></span> <span class='ocrx_word' id='word_1_61' title='bbox 1604 1273 1723 1362; x_wconf 88' lang='lat' dir='ltr'><strong>atque</strong></span> 
     </span>
     <span class='ocr_line' id='line_1_8' title="bbox 199 1362 1722 1484; baseline -0.01 -17"><span class='ocrx_word' id='word_1_62' title='bbox 199 1384 391 1466; x_wconf 77' lang='lat' dir='ltr'><strong>Asturum</strong></span> <span class='ocrx_word' id='word_1_63' title='bbox 419 1375 600 1484; x_wconf 87' lang='lat' dir='ltr'><strong>Scriptor</strong></span> <span class='ocrx_word' id='word_1_64' title='bbox 629 1365 856 1469; x_wconf 75' lang='lat' dir='ltr'><strong>senserint,</strong></span> <span class='ocrx_word' id='word_1_65' title='bbox 886 1362 1065 1481; x_wconf 90' lang='lat' dir='ltr'><strong>qualisve</strong></span> <span class='ocrx_word' id='word_1_66' title='bbox 1097 1366 1239 1453; x_wconf 88' lang='lat' dir='ltr'><strong>horum</strong></span> <span class='ocrx_word' id='word_1_67' title='bbox 1266 1383 1379 1450; x_wconf 78' lang='lat' dir='ltr'><strong>atate</strong></span> <span class='ocrx_word' id='word_1_68' title='bbox 1408 1364 1582 1483; x_wconf 87' lang='lat' dir='ltr'><strong>vulgaris</strong></span> <span class='ocrx_word' id='word_1_69' title='bbox 1611 1395 1722 1452; x_wconf 89' lang='lat' dir='ltr'><strong>rece-</strong></span> 
     </span>
     <span class='ocr_line' id='line_1_9' title="bbox 199 1479 1722 1610; baseline -0.012 -26"><span class='ocrx_word' id='word_1_70' title='bbox 199 1517 346 1610; x_wconf 89' lang='lat' dir='ltr'><strong>ptaque</strong></span> <span class='ocrx_word' id='word_1_71' title='bbox 371 1491 423 1578; x_wconf 87' lang='lat' dir='ltr'><strong>de</strong></span> <span class='ocrx_word' id='word_1_72' title='bbox 450 1492 524 1574; x_wconf 93' lang='lat' dir='ltr'><strong>hoc</strong></span> <span class='ocrx_word' id='word_1_73' title='bbox 541 1501 778 1602; x_wconf 89' lang='lat' dir='ltr'><strong>argumento</strong></span> <span class='ocrx_word' id='word_1_74' title='bbox 802 1482 1044 1599; x_wconf 89' lang='lat' dir='ltr'><strong>populorum</strong></span> <span class='ocrx_word' id='word_1_75' title='bbox 1071 1484 1216 1594; x_wconf 68' lang='lat' dir='ltr'><strong>opinio¹</strong></span> <span class='ocrx_word' id='word_1_76' title='bbox 1240 1479 1398 1588; x_wconf 90' lang='lat' dir='ltr'><strong>fuerit,</strong></span> <span class='ocrx_word' id='word_1_77' title='bbox 1426 1483 1478 1568; x_wconf 92' lang='lat' dir='ltr'><strong>ob</strong></span> <span class='ocrx_word' id='word_1_78' title='bbox 1497 1484 1722 1576; x_wconf 78' lang='lat' dir='ltr'><strong>Lecturam</strong></span> 
     </span>
     <span class='ocr_line' id='line_1_10' title="bbox 204 1613 1722 1720; baseline -0.012 -20"><span class='ocrx_word' id='word_1_79' title='bbox 204 1613 345 1702; x_wconf 91' lang='lat' dir='ltr'><strong>oculos</strong></span> <span class='ocrx_word' id='word_1_80' title='bbox 375 1614 583 1720; x_wconf 85' lang='lat' dir='ltr'><strong>ponimus.</strong></span> <span class='ocrx_word' id='word_1_81' title='bbox 1253 1669 1259 1679; x_wconf 90' lang='lat'><em>.</em></span> <span class='ocrx_word' id='word_1_82' title='bbox 1719 1626 1722 1631; x_wconf 85' lang='lat'>·</span> 
     </span>
    </p>

    <p class='ocr_par' dir='ltr' id='par_1_2' title="bbox 203 1714 1795 2661">
     <span class='ocr_line' id='line_1_11' title="bbox 333 1714 1721 1835; baseline -0.007 -22"><span class='ocrx_word' id='word_1_83' title='bbox 333 1725 512 1813; x_wconf 82' lang='lat' dir='ltr'><strong>Primrim</strong></span> <span class='ocrx_word' id='word_1_84' title='bbox 551 1737 682 1810; x_wconf 87' lang='lat' dir='ltr'><strong>autem</strong></span> <span class='ocrx_word' id='word_1_85' title='bbox 716 1727 891 1809; x_wconf 89' lang='lat' dir='ltr'><strong>omnium</strong></span> <span class='ocrx_word' id='word_1_86' title='bbox 938 1720 1136 1835; x_wconf 88' lang='lat' dir='ltr'><strong>rogandus</strong></span> <span class='ocrx_word' id='word_1_87' title='bbox 1180 1720 1203 1805; x_wconf 84' lang='lat' dir='ltr'><strong>ai</strong></span> <span class='ocrx_word' id='word_1_88' title='bbox 1244 1719 1357 1806; x_wconf 92' lang='lat' dir='ltr'><strong>nobis</strong></span> <span class='ocrx_word' id='word_1_89' title='bbox 1389 1719 1579 1812; x_wconf 81' lang='lat' dir='ltr'>Merenda</span> <span class='ocrx_word' id='word_1_90' title='bbox 1619 1714 1721 1817; x_wconf 86' lang='lat' dir='ltr'><strong>est,</strong></span> 
     </span>
     <span class='ocr_line' id='line_1_12' title="bbox 205 1832 1723 1955; baseline -0.016 -15"><span class='ocrx_word' id='word_1_91' title='bbox 205 1879 299 1941; x_wconf 91' lang='lat' dir='ltr'><strong>nuni</strong></span> <span class='ocrx_word' id='word_1_92' title='bbox 329 1842 440 1930; x_wconf 88' lang='lat' dir='ltr'><strong>Petri</strong></span> <span class='ocrx_word' id='word_1_93' title='bbox 474 1846 644 1929; x_wconf 87' lang='lat' dir='ltr'><strong>Diaconi</strong></span> <span class='ocrx_word' id='word_1_94' title='bbox 678 1841 956 1955; x_wconf 88' lang='lat' dir='ltr'><strong>(quicumque</strong></span> <span class='ocrx_word' id='word_1_95' title='bbox 1004 1837 1165 1925; x_wconf 87' lang='lat' dir='ltr'><strong>tandem</strong></span> <span class='ocrx_word' id='word_1_96' title='bbox 1193 1832 1260 1923; x_wconf 89' lang='lat' dir='ltr'><strong>ille</strong></span> <span class='ocrx_word' id='word_1_97' title='bbox 1289 1832 1484 1951; x_wconf 85' lang='lat' dir='ltr'><strong>fucrit),</strong></span> <span class='ocrx_word' id='word_1_98' title='bbox 1515 1860 1584 1927; x_wconf 91' lang='lat' dir='ltr'><strong>aut</strong></span> <span class='ocrx_word' id='word_1_99' title='bbox 1612 1833 1723 1918; x_wconf 85' lang='lat' dir='ltr'><strong>Scri·</strong></span> 
     </span>
     <span class='ocr_line' id='line_1_13' title="bbox 203 1947 1718 2081; baseline -0.012 -28"><span class='ocrx_word' id='word_1_100' title='bbox 203 1970 331 2081; x_wconf 90' lang='lat' dir='ltr'><strong>ptoiis</strong></span> <span class='ocrx_word' id='word_1_101' title='bbox 361 1961 554 2045; x_wconf 75' lang='lat' dir='ltr'><strong>Asinium</strong></span> <span class='ocrx_word' id='word_1_102' title='bbox 594 1957 645 2044; x_wconf 90' lang='lat' dir='ltr'><strong>de</strong></span> <span class='ocrx_word' id='word_1_103' title='bbox 685 1958 830 2071; x_wconf 91' lang='lat' dir='ltr'><strong>quibus</strong></span> <span class='ocrx_word' id='word_1_104' title='bbox 873 1962 1024 2071; x_wconf 84' lang='lat' dir='ltr'><strong>agimus</strong></span> <span class='ocrx_word' id='word_1_105' title='bbox 1059 1973 1215 2051; x_wconf 80' lang='lat' dir='ltr'><strong>atate,</strong></span> <span class='ocrx_word' id='word_1_106' title='bbox 1257 1947 1385 2036; x_wconf 86' lang='lat' dir='ltr'><strong>idest</strong></span> <span class='ocrx_word' id='word_1_107' title='bbox 1424 1951 1609 2041; x_wconf 76' lang='lat' dir='ltr'><strong>tsaecuio</strong></span> <span class='ocrx_word' id='word_1_108' title='bbox 1641 1949 1718 2036; x_wconf 88' lang='lat' dir='ltr'><strong>VI.</strong></span> 
     </span>
     <span class='ocr_line' id='line_1_14' title="bbox 204 2062 1719 2190; baseline -0.011 -22"><span class='ocrx_word' id='word_1_109' title='bbox 204 2085 253 2168; x_wconf 92' lang='lat' dir='ltr'><strong>ad</strong></span> <span class='ocrx_word' id='word_1_110' title='bbox 281 2078 376 2165; x_wconf 87' lang='lat' dir='ltr'><strong>XII.</strong></span> <span class='ocrx_word' id='word_1_111' title='bbox 415 2077 579 2162; x_wconf 89' lang='lat' dir='ltr'><strong>dubium</strong></span> <span class='ocrx_word' id='word_1_112' title='bbox 610 2080 687 2160; x_wconf 91' lang='lat' dir='ltr'><strong>iam</strong></span> <span class='ocrx_word' id='word_1_113' title='bbox 726 2094 812 2161; x_wconf 91' lang='lat' dir='ltr'><strong>tum</strong></span> <span class='ocrx_word' id='word_1_114' title='bbox 841 2073 1005 2190; x_wconf 89' lang='lat' dir='ltr'><strong>aliquod</strong></span> <span class='ocrx_word' id='word_1_115' title='bbox 1036 2062 1246 2157; x_wconf 84' lang='lat' dir='ltr'><strong>emersisset</strong></span> <span class='ocrx_word' id='word_1_116' title='bbox 1280 2066 1331 2153; x_wconf 90' lang='lat' dir='ltr'><strong>de</strong></span> <span class='ocrx_word' id='word_1_117' title='bbox 1370 2068 1523 2156; x_wconf 77' lang='lat' dir='ltr'><strong>Damasi</strong></span> <span class='ocrx_word' id='word_1_118' title='bbox 1559 2063 1719 2185; x_wconf 59' lang='lat' dir='ltr'><strong>panim</strong></span> 
     </span>
     <span class='ocr_line' id='line_1_15' title="bbox 207 2174 1723 2306; baseline -0.01 -22"><span class='ocrx_word' id='word_1_119' title='bbox 207 2218 274 2285; x_wconf 89' lang='lat' dir='ltr'><strong>aut</strong></span> <span class='ocrx_word' id='word_1_120' title='bbox 308 2193 376 2284; x_wconf 91' lang='lat' dir='ltr'><strong>vlli</strong></span> <span class='ocrx_word' id='word_1_121' title='bbox 411 2192 558 2306; x_wconf 79' lang='lat' dir='ltr'><strong>uspiam</strong></span> <span class='ocrx_word' id='word_1_122' title='bbox 588 2189 813 2278; x_wconf 87' lang='lat' dir='ltr'><strong>mortalium</strong></span> <span class='ocrx_word' id='word_1_123' title='bbox 854 2198 894 2276; x_wconf 92' lang='lat' dir='ltr'><strong>in</strong></span> <span class='ocrx_word' id='word_1_124' title='bbox 932 2207 1109 2275; x_wconf 88' lang='lat' dir='ltr'><strong>mentem</strong></span> <span class='ocrx_word' id='word_1_125' title='bbox 1143 2174 1308 2275; x_wconf 86' lang='lat' dir='ltr'><strong>venisset</strong></span> <span class='ocrx_word' id='word_1_126' title='bbox 1334 2183 1544 2273; x_wconf 87' lang='lat' dir='ltr'><strong>Damasum</strong></span> <span class='ocrx_word' id='word_1_127' title='bbox 1574 2190 1723 2273; x_wconf 89' lang='lat' dir='ltr'><strong>Roma·</strong></span> 
     </span>
     <span class='ocr_line' id='line_1_16' title="bbox 213 2301 1723 2418; baseline -0.011 -20"><span class='ocrx_word' id='word_1_128' title='bbox 213 2318 273 2399; x_wconf 91' lang='lat' dir='ltr'><strong>nis</strong></span> <span class='ocrx_word' id='word_1_129' title='bbox 305 2310 563 2409; x_wconf 86' lang='lat' dir='ltr'><strong>adscribere,</strong></span> <span class='ocrx_word' id='word_1_130' title='bbox 607 2305 735 2418; x_wconf 86' lang='lat' dir='ltr'><strong>deque</strong></span> <span class='ocrx_word' id='word_1_131' title='bbox 772 2335 817 2392; x_wconf 89' lang='lat' dir='ltr'><strong>ea</strong></span> <span class='ocrx_word' id='word_1_132' title='bbox 845 2307 896 2393; x_wconf 89' lang='lat' dir='ltr'><strong>de</strong></span> <span class='ocrx_word' id='word_1_133' title='bbox 931 2334 975 2391; x_wconf 89' lang='lat' dir='ltr'><strong>re</strong></span> <span class='ocrx_word' id='word_1_134' title='bbox 1001 2301 1111 2388; x_wconf 91' lang='lat' dir='ltr'><strong>liteni</strong></span> <span class='ocrx_word' id='word_1_135' title='bbox 1142 2301 1324 2415; x_wconf 86' lang='lat' dir='ltr'><strong>Hispanis</strong></span> <span class='ocrx_word' id='word_1_136' title='bbox 1362 2304 1597 2390; x_wconf 77' lang='lat' dir='ltr'><strong>intentare?</strong></span> <span class='ocrx_word' id='word_1_137' title='bbox 1639 2301 1723 2383; x_wconf 85' lang='lat' dir='ltr'><strong>Mi-</strong></span> 
     </span>
     <span class='ocr_line' id='line_1_17' title="bbox 211 2414 1795 2542; baseline -0.011 -25"><span class='ocrx_word' id='word_1_138' title='bbox 211 2431 352 2529; x_wconf 74' lang='lat' dir='ltr'><strong>nime,</strong></span> <span class='ocrx_word' id='word_1_139' title='bbox 383 2435 543 2542; x_wconf 86' lang='lat' dir='ltr'><strong>inquam</strong></span> <span class='ocrx_word' id='word_1_140' title='bbox 569 2452 680 2535; x_wconf 83' lang='lat' dir='ltr'><strong>ego,</strong></span> <span class='ocrx_word' id='word_1_141' title='bbox 706 2429 887 2540; x_wconf 89' lang='lat' dir='ltr'><strong>gentium</strong></span> <span class='ocrx_word' id='word_1_142' title='bbox 913 2481 924 2503; x_wconf 88' lang='lat'><em>.</em></span> <span class='ocrx_word' id='word_1_143' title='bbox 957 2425 1102 2530; x_wconf 84' lang='lat' dir='ltr'><strong>Neque</strong></span> <span class='ocrx_word' id='word_1_144' title='bbox 1134 2425 1239 2504; x_wconf 90' lang='lat' dir='ltr'><strong>enim</strong></span> <span class='ocrx_word' id='word_1_145' title='bbox 1264 2414 1428 2504; x_wconf 89' lang='lat' dir='ltr'><strong>rudibus</strong></span> <span class='ocrx_word' id='word_1_146' title='bbox 1454 2416 1531 2504; x_wconf 89' lang='lat' dir='ltr'><strong>illis</strong></span> <span class='ocrx_word' id='word_1_147' title='bbox 1559 2446 1603 2513; x_wconf 85' lang='lat' dir='ltr'><strong>ac</strong></span> <span class='ocrx_word' id='word_1_148' title='bbox 1627 2414 1723 2502; x_wconf 89' lang='lat' dir='ltr'><strong>sim-</strong></span> <span class='ocrx_word' id='word_1_149' title='bbox 1792 2522 1795 2529; x_wconf 22' lang='grc' dir='ltr'>Ι</span> 
     </span>
     <span class='ocr_line' id='line_1_18' title="bbox 210 2533 1722 2661; baseline -0.007 -32"><span class='ocrx_word' id='word_1_150' title='bbox 210 2542 441 2661; x_wconf 86' lang='lat' dir='ltr'><strong>plicioiibus</strong></span> <span class='ocrx_word' id='word_1_151' title='bbox 471 2538 612 2624; x_wconf 74' lang='lat' dir='ltr'><strong>faculis</strong></span> <span class='ocrx_word' id='word_1_152' title='bbox 641 2557 798 2624; x_wconf 90' lang='lat' dir='ltr'><strong>tamum</strong></span> <span class='ocrx_word' id='word_1_153' title='bbox 823 2537 892 2621; x_wconf 90' lang='lat' dir='ltr'><strong>sibi</strong></span> <span class='ocrx_word' id='word_1_154' title='bbox 920 2533 1236 2646; x_wconf 85' lang='lat' dir='ltr'><strong>Hyper-Critici</strong></span> <span class='ocrx_word' id='word_1_155' title='bbox 1266 2552 1459 2648; x_wconf 87' lang='lat' dir='ltr'><strong>quantum</strong></span> <span class='ocrx_word' id='word_1_156' title='bbox 1486 2535 1563 2621; x_wconf 89' lang='lat' dir='ltr'><strong>boc</strong></span> <span class='ocrx_word' id='word_1_157' title='bbox 1587 2534 1722 2622; x_wconf 82' lang='lat' dir='ltr'><strong>nostro</strong></span> 
     </span>
    </p>
   </div>
   <div class='ocr_carea' id='block_1_2' title="bbox 206 2648 1888 2768">
    <p class='ocr_par' dir='ltr' id='par_1_3' title="bbox 206 2648 1888 2768">
     <span class='ocr_line' id='line_1_19' title="bbox 206 2648 1888 2768; baseline -0.01 -20"><span class='ocrx_word' id='word_1_158' title='bbox 206 2667 305 2748; x_wconf 89' lang='lat' dir='ltr'><strong>iuris</strong></span> <span class='ocrx_word' id='word_1_159' title='bbox 333 2671 651 2768; x_wconf 86' lang='lat' dir='ltr'><strong>arrogaverant,</strong></span> <span class='ocrx_word' id='word_1_160' title='bbox 682 2677 727 2739; x_wconf 91' lang='lat' dir='ltr'><strong>vt</strong></span> <span class='ocrx_word' id='word_1_161' title='bbox 753 2653 805 2738; x_wconf 93' lang='lat' dir='ltr'><strong>ob</strong></span> <span class='ocrx_word' id='word_1_162' title='bbox 835 2651 932 2738; x_wconf 87' lang='lat' dir='ltr'><strong>solas</strong></span> <span class='ocrx_word' id='word_1_163' title='bbox 964 2656 1210 2738; x_wconf 72' lang='lat' dir='ltr'><strong>coniesturas</strong></span> <span class='ocrx_word' id='word_1_164' title='bbox 1239 2650 1467 2766; x_wconf 89' lang='lat' dir='ltr'><strong>(quantum</strong></span> <span class='ocrx_word' id='word_1_165' title='bbox 1504 2648 1579 2738; x_wconf 83' lang='lat' dir='ltr'><strong>illae</strong></span> <span class='ocrx_word' id='word_1_166' title='bbox 1606 2679 1721 2739; x_wconf 85' lang='lat' dir='ltr'><strong>cuni·</strong></span> <span class='ocrx_word' id='word_1_167' title='bbox 1864 2693 1888 2722; x_wconf 57' lang='lat' dir='ltr'><strong>s</strong></span> 
     </span>
    </p>
   </div>
   <div class='ocr_carea' id='block_1_3' title="bbox 203 2766 1826 5204">
    <p class='ocr_par' dir='ltr' id='par_1_4' title="bbox 203 2766 1791 4168">
     <span class='ocr_line' id='line_1_20' title="bbox 207 2766 1723 2885; baseline -0.001 -25"><span class='ocrx_word' id='word_1_168' title='bbox 207 2805 283 2885; x_wconf 89' lang='lat' dir='ltr'><strong>que</strong></span> <span class='ocrx_word' id='word_1_169' title='bbox 324 2771 374 2858; x_wconf 90' lang='lat' dir='ltr'><strong>ad</strong></span> <span class='ocrx_word' id='word_1_170' title='bbox 406 2771 616 2856; x_wconf 84' lang='lat' dir='ltr'><strong>veritatem</strong></span> <span class='ocrx_word' id='word_1_171' title='bbox 657 2766 930 2881; x_wconf 84' lang='lat' dir='ltr'><strong>accederent)</strong></span> <span class='ocrx_word' id='word_1_172' title='bbox 960 2787 1142 2857; x_wconf 88' lang='lat' dir='ltr'><strong>veterum</strong></span> <span class='ocrx_word' id='word_1_173' title='bbox 1175 2767 1378 2856; x_wconf 88' lang='lat' dir='ltr'><strong>Codicum</strong></span> <span class='ocrx_word' id='word_1_174' title='bbox 1415 2774 1723 2859; x_wconf 58' lang='lat' dir='ltr'><strong>audioritatem,</strong></span> 
     </span>
     <span class='ocr_line' id='line_1_21' title="bbox 203 2879 1721 2997; baseline -0.003 -21"><span class='ocrx_word' id='word_1_175' title='bbox 203 2887 331 2976; x_wconf 89' lang='lat' dir='ltr'><strong>deseri</strong></span> <span class='ocrx_word' id='word_1_176' title='bbox 359 2907 374 2989; x_wconf 78' lang='lat'>3</span> <span class='ocrx_word' id='word_1_177' title='bbox 404 2879 653 2989; x_wconf 88' lang='lat' dir='ltr'><strong>receptasque</strong></span> <span class='ocrx_word' id='word_1_178' title='bbox 678 2885 718 2958; x_wconf 87' lang='lat'>&amp;</span> <span class='ocrx_word' id='word_1_179' title='bbox 749 2883 888 2964; x_wconf 86' lang='lat' dir='ltr'><strong>infixas</strong></span> <span class='ocrx_word' id='word_1_180' title='bbox 921 2881 1164 2990; x_wconf 89' lang='lat' dir='ltr'><strong>populorum</strong></span> <span class='ocrx_word' id='word_1_181' title='bbox 1196 2887 1340 2967; x_wconf 90' lang='lat' dir='ltr'><strong>animis</strong></span> <span class='ocrx_word' id='word_1_182' title='bbox 1367 2890 1580 2997; x_wconf 83' lang='lat' dir='ltr'><strong>opiniones</strong></span> <span class='ocrx_word' id='word_1_183' title='bbox 1603 2883 1721 2975; x_wconf 89' lang='lat' dir='ltr'><strong>evelli</strong></span> 
     </span>
     <span class='ocr_line' id='line_1_22' title="bbox 206 2988 1722 3114; baseline -0.005 -20"><span class='ocrx_word' id='word_1_184' title='bbox 206 3026 273 3094; x_wconf 84' lang='lat' dir='ltr'><strong>aut</strong></span> <span class='ocrx_word' id='word_1_185' title='bbox 303 2998 384 3087; x_wconf 88' lang='lat' dir='ltr'><strong>vllo</strong></span> <span class='ocrx_word' id='word_1_186' title='bbox 413 3003 528 3111; x_wconf 78' lang='lat' dir='ltr'><strong>pasto</strong></span> <span class='ocrx_word' id='word_1_187' title='bbox 551 2988 772 3079; x_wconf 75' lang='lat' dir='ltr'><strong>labesastari</strong></span> <span class='ocrx_word' id='word_1_188' title='bbox 803 3014 1065 3107; x_wconf 88' lang='lat' dir='ltr'><strong>paterentur.</strong></span> <span class='ocrx_word' id='word_1_189' title='bbox 1098 2994 1208 3114; x_wconf 80' lang='lat' dir='ltr'><strong>Qid</strong></span> <span class='ocrx_word' id='word_1_190' title='bbox 1243 3017 1375 3089; x_wconf 90' lang='lat' dir='ltr'><strong>autem</strong></span> <span class='ocrx_word' id='word_1_191' title='bbox 1402 3000 1456 3087; x_wconf 90' lang='lat' dir='ltr'><strong>de</strong></span> <span class='ocrx_word' id='word_1_192' title='bbox 1481 3001 1722 3093; x_wconf 84' lang='lat' dir='ltr'><strong>Ecclesiasti-</strong></span> 
     </span>
     <span class='ocr_line' id='line_1_23' title="bbox 205 3108 1766 3233; baseline -0.003 -25"><span class='ocrx_word' id='word_1_193' title='bbox 205 3129 263 3209; x_wconf 90' lang='lat' dir='ltr'><strong>cis</strong></span> <span class='ocrx_word' id='word_1_194' title='bbox 283 3121 425 3212; x_wconf 88' lang='lat' dir='ltr'><strong>libris,</strong></span> <span class='ocrx_word' id='word_1_195' title='bbox 455 3139 552 3223; x_wconf 92' lang='lat' dir='ltr'><strong>quos</strong></span> <span class='ocrx_word' id='word_1_196' title='bbox 582 3108 708 3195; x_wconf 86' lang='lat' dir='ltr'><strong>veluti</strong></span> <span class='ocrx_word' id='word_1_197' title='bbox 724 3111 850 3197; x_wconf 76' lang='lat' dir='ltr'><strong>Sacra</strong></span> <span class='ocrx_word' id='word_1_198' title='bbox 866 3114 1134 3225; x_wconf 87' lang='lat' dir='ltr'><strong>Antiquitatis</strong></span> <span class='ocrx_word' id='word_1_199' title='bbox 1155 3113 1375 3218; x_wconf 80' lang='lat' dir='ltr'><strong>thesauros,</strong></span> <span class='ocrx_word' id='word_1_200' title='bbox 1409 3117 1654 3233; x_wconf 83' lang='lat' dir='ltr'><strong>ueterisque,</strong></span> <span class='ocrx_word' id='word_1_201' title='bbox 1684 3121 1725 3202; x_wconf 78' lang='lat' dir='ltr'><strong>bc</strong></span> <span class='ocrx_word' id='word_1_202' title='bbox 1763 3160 1766 3165; x_wconf 95' lang='lat'>·</span> 
     </span>
     <span class='ocr_line' id='line_1_24' title="bbox 204 3221 1723 3345; baseline -0.002 -18"><span class='ocrx_word' id='word_1_203' title='bbox 204 3248 445 3345; x_wconf 80' lang='lat' dir='ltr'><strong>incorrupte</strong></span> <span class='ocrx_word' id='word_1_204' title='bbox 470 3221 711 3311; x_wconf 87' lang='lat' dir='ltr'><strong>Pontificum</strong></span> <span class='ocrx_word' id='word_1_205' title='bbox 737 3248 856 3338; x_wconf 87' lang='lat' dir='ltr'><strong>atque</strong></span> <span class='ocrx_word' id='word_1_206' title='bbox 885 3226 1065 3315; x_wconf 76' lang='lat' dir='ltr'><strong>Ecclesia</strong></span> <span class='ocrx_word' id='word_1_207' title='bbox 1091 3232 1274 3317; x_wconf 87' lang='lat' dir='ltr'><strong>Hilloriae</strong></span> <span class='ocrx_word' id='word_1_208' title='bbox 1302 3231 1498 3323; x_wconf 84' lang='lat' dir='ltr'><strong>fidissimos</strong></span> <span class='ocrx_word' id='word_1_209' title='bbox 1523 3236 1723 3338; x_wconf 82' lang='lat' dir='ltr'><strong>custodes,</strong></span> 
     </span>
     <span class='ocr_line' id='line_1_25' title="bbox 207 3341 1727 3467; baseline 0.001 -25"><span class='ocrx_word' id='word_1_210' title='bbox 207 3385 288 3442; x_wconf 91' lang='lat' dir='ltr'><strong>non</strong></span> <span class='ocrx_word' id='word_1_211' title='bbox 311 3349 419 3434; x_wconf 89' lang='lat' dir='ltr'><strong>secus</strong></span> <span class='ocrx_word' id='word_1_212' title='bbox 449 3346 647 3430; x_wconf 85' lang='lat' dir='ltr'><strong>acSacros</strong></span> <span class='ocrx_word' id='word_1_213' title='bbox 672 3341 876 3455; x_wconf 80' lang='lat' dir='ltr'><strong>utriusque</strong></span> <span class='ocrx_word' id='word_1_214' title='bbox 906 3343 1068 3431; x_wconf 87' lang='lat' dir='ltr'><strong>foederis</strong></span> <span class='ocrx_word' id='word_1_215' title='bbox 1099 3347 1270 3434; x_wconf 85' lang='lat' dir='ltr'><strong>Codices</strong></span> <span class='ocrx_word' id='word_1_216' title='bbox 1290 3347 1372 3434; x_wconf 90' lang='lat' dir='ltr'><strong>eius</strong></span> <span class='ocrx_word' id='word_1_217' title='bbox 1398 3355 1471 3440; x_wconf 82' lang='lat' dir='ltr'><strong>avi</strong></span> <span class='ocrx_word' id='word_1_218' title='bbox 1496 3372 1633 3467; x_wconf 87' lang='lat' dir='ltr'><strong>gentes</strong></span> <span class='ocrx_word' id='word_1_219' title='bbox 1661 3382 1727 3445; x_wconf 86' lang='lat' dir='ltr'><strong>re·</strong></span> 
     </span>
     <span class='ocr_line' id='line_1_26' title="bbox 210 3455 1725 3578; baseline 0.001 -20"><span class='ocrx_word' id='word_1_220' title='bbox 210 3474 357 3558; x_wconf 81' lang='lat' dir='ltr'><strong>veritas</strong></span> <span class='ocrx_word' id='word_1_221' title='bbox 382 3456 496 3546; x_wconf 83' lang='lat' dir='ltr'><strong>fuisse</strong></span> <span class='ocrx_word' id='word_1_222' title='bbox 527 3456 702 3548; x_wconf 81' lang='lat' dir='ltr'><strong>scimus?</strong></span> <span class='ocrx_word' id='word_1_223' title='bbox 729 3462 795 3546; x_wconf 89' lang='lat' dir='ltr'><strong>An</strong></span> <span class='ocrx_word' id='word_1_224' title='bbox 825 3482 939 3577; x_wconf 89' lang='lat' dir='ltr'><strong>putat</strong></span> <span class='ocrx_word' id='word_1_225' title='bbox 971 3464 1196 3566; x_wconf 86' lang='lat' dir='ltr'><strong>Merenda,</strong></span> <span class='ocrx_word' id='word_1_226' title='bbox 1224 3463 1250 3549; x_wconf 93' lang='lat' dir='ltr'><strong>si</strong></span> <span class='ocrx_word' id='word_1_227' title='bbox 1280 3465 1365 3576; x_wconf 90' lang='lat' dir='ltr'><strong>quis</strong></span> <span class='ocrx_word' id='word_1_228' title='bbox 1387 3497 1436 3552; x_wconf 89' lang='lat' dir='ltr'><strong>eo</strong></span> <span class='ocrx_word' id='word_1_229' title='bbox 1459 3455 1725 3578; x_wconf 76' lang='lat' dir='ltr'><strong>temporem·</strong></span> 
     </span>
     <span class='ocr_line' id='line_1_27' title="bbox 212 3576 1725 3699; baseline 0.003 -27"><span class='ocrx_word' id='word_1_230' title='bbox 212 3589 338 3699; x_wconf 90' lang='lat' dir='ltr'><strong>ceptis</strong></span> <span class='ocrx_word' id='word_1_231' title='bbox 363 3576 632 3665; x_wconf 84' lang='lat' dir='ltr'><strong>Ecclesiallicis</strong></span> <span class='ocrx_word' id='word_1_232' title='bbox 648 3577 875 3666; x_wconf 83' lang='lat' dir='ltr'><strong>codicibus</strong></span> <span class='ocrx_word' id='word_1_233' title='bbox 892 3586 1111 3688; x_wconf 87' lang='lat' dir='ltr'><strong>contraire,</strong></span> <span class='ocrx_word' id='word_1_234' title='bbox 1146 3610 1364 3696; x_wconf 90' lang='lat' dir='ltr'><strong>eorumque</strong></span> <span class='ocrx_word' id='word_1_235' title='bbox 1388 3582 1506 3670; x_wconf 88' lang='lat' dir='ltr'><strong>fidem</strong></span> <span class='ocrx_word' id='word_1_236' title='bbox 1521 3605 1637 3698; x_wconf 90' lang='lat' dir='ltr'><strong>atque</strong></span> <span class='ocrx_word' id='word_1_237' title='bbox 1654 3613 1725 3676; x_wconf 89' lang='lat' dir='ltr'><strong>au·</strong></span> 
     </span>
     <span class='ocr_line' id='line_1_28' title="bbox 212 3692 1723 3816; baseline 0.003 -26"><span class='ocrx_word' id='word_1_238' title='bbox 212 3709 437 3790; x_wconf 67' lang='lat' dir='ltr'><strong>(toritatem</strong></span> <span class='ocrx_word' id='word_1_239' title='bbox 465 3693 620 3784; x_wconf 88' lang='lat' dir='ltr'><strong>elevare</strong></span> <span class='ocrx_word' id='word_1_240' title='bbox 646 3699 756 3783; x_wconf 89' lang='lat' dir='ltr'><strong>ausus</strong></span> <span class='ocrx_word' id='word_1_241' title='bbox 798 3692 971 3802; x_wconf 88' lang='lat' dir='ltr'><strong>suisset,</strong></span> <span class='ocrx_word' id='word_1_242' title='bbox 1006 3701 1153 3815; x_wconf 89' lang='lat' dir='ltr'><strong>(quod</strong></span> <span class='ocrx_word' id='word_1_243' title='bbox 1192 3719 1322 3791; x_wconf 90' lang='lat' dir='ltr'><strong>tamen</strong></span> <span class='ocrx_word' id='word_1_244' title='bbox 1352 3721 1561 3816; x_wconf 84' lang='lat' dir='ltr'><strong>utrumque</strong></span> <span class='ocrx_word' id='word_1_245' title='bbox 1592 3707 1723 3794; x_wconf 70' lang='lat' dir='ltr'><strong>nollrb</strong></span> 
     </span>
     <span class='ocr_line' id='line_1_29' title="bbox 210 3811 1724 3937; baseline 0.007 -34"><span class='ocrx_word' id='word_1_246' title='bbox 210 3819 284 3904; x_wconf 89' lang='lat' dir='ltr'><strong>liac</strong></span> <span class='ocrx_word' id='word_1_247' title='bbox 316 3835 428 3905; x_wconf 78' lang='lat' dir='ltr'><strong>atate</strong></span> <span class='ocrx_word' id='word_1_248' title='bbox 455 3813 697 3901; x_wconf 88' lang='lat' dir='ltr'><strong>Terribilino</strong></span> <span class='ocrx_word' id='word_1_249' title='bbox 724 3811 876 3931; x_wconf 90' lang='lat' dir='ltr'><strong>licuit)</strong></span> <span class='ocrx_word' id='word_1_250' title='bbox 908 3825 1067 3932; x_wconf 90' lang='lat' dir='ltr'><strong>impune</strong></span> <span class='ocrx_word' id='word_1_251' title='bbox 1100 3820 1141 3906; x_wconf 90' lang='lat' dir='ltr'><strong>id</strong></span> <span class='ocrx_word' id='word_1_252' title='bbox 1170 3826 1206 3909; x_wconf 93' lang='lat' dir='ltr'><strong>ei</strong></span> <span class='ocrx_word' id='word_1_253' title='bbox 1234 3848 1304 3937; x_wconf 88' lang='lat' dir='ltr'><strong>per</strong></span> <span class='ocrx_word' id='word_1_254' title='bbox 1339 3821 1554 3910; x_wconf 67' lang='lat' dir='ltr'><strong>sanctiones</strong></span> <span class='ocrx_word' id='word_1_255' title='bbox 1584 3822 1724 3913; x_wconf 88' lang='lat' dir='ltr'><strong>Cano-</strong></span> 
     </span>
     <span class='ocr_line' id='line_1_30' title="bbox 211 3925 1791 4037; baseline -0.005 -14"><span class='ocrx_word' id='word_1_256' title='bbox 211 3942 318 4024; x_wconf 90' lang='lat' dir='ltr'><strong>nicas</strong></span> <span class='ocrx_word' id='word_1_257' title='bbox 343 3925 585 4021; x_wconf 74' lang='lat' dir='ltr'><strong>ferendum?</strong></span> <span class='ocrx_word' id='word_1_258' title='bbox 1787 4029 1791 4037; x_wconf 39' lang='lat'>‚</span> 
     </span>
     <span class='ocr_line' id='line_1_31' title="bbox 327 4049 1721 4168; baseline 0.008 -30"><span class='ocrx_word' id='word_1_259' title='bbox 327 4049 493 4138; x_wconf 76' lang='lat' dir='ltr'><strong>Porro.</strong></span> <span class='ocrx_word' id='word_1_260' title='bbox 538 4051 638 4168; x_wconf 83' lang='lat' dir='ltr'><strong>Qo</strong></span> <span class='ocrx_word' id='word_1_261' title='bbox 677 4053 790 4163; x_wconf 78' lang='lat' dir='ltr'><strong>pasin</strong></span> <span class='ocrx_word' id='word_1_262' title='bbox 820 4049 957 4139; x_wconf 86' lang='lat' dir='ltr'><strong>Petrus</strong></span> <span class='ocrx_word' id='word_1_263' title='bbox 985 4050 1050 4140; x_wconf 88' lang='lat' dir='ltr'><strong>ille</strong></span> <span class='ocrx_word' id='word_1_264' title='bbox 1084 4052 1195 4137; x_wconf 83' lang='lat' dir='ltr'><strong>Sedis</strong></span> <span class='ocrx_word' id='word_1_265' title='bbox 1222 4054 1462 4165; x_wconf 80' lang='lat' dir='ltr'><strong>Apostolicae</strong></span> <span class='ocrx_word' id='word_1_266' title='bbox 1488 4063 1721 4163; x_wconf 70' lang='lat' dir='ltr'><strong>Diaconos,</strong></span> 
     </span>
    </p>

    <p class='ocr_par' dir='ltr' id='par_1_5' title="bbox 209 4162 1826 5111">
     <span class='ocr_line' id='line_1_32' title="bbox 211 4162 1721 4291; baseline 0.003 -30"><span class='ocrx_word' id='word_1_267' title='bbox 211 4186 281 4261; x_wconf 81' lang='lat' dir='ltr'><strong>aut</strong></span> <span class='ocrx_word' id='word_1_268' title='bbox 308 4162 463 4257; x_wconf 90' lang='lat' dir='ltr'><strong>Damasi</strong></span> <span class='ocrx_word' id='word_1_269' title='bbox 494 4171 687 4255; x_wconf 76' lang='lat' dir='ltr'><strong>Actorum</strong></span> <span class='ocrx_word' id='word_1_270' title='bbox 725 4170 912 4283; x_wconf 87' lang='lat' dir='ltr'><strong>Scriptor</strong></span> <span class='ocrx_word' id='word_1_271' title='bbox 949 4167 1082 4284; x_wconf 92' lang='lat' dir='ltr'><strong>(quos</strong></span> <span class='ocrx_word' id='word_1_272' title='bbox 1114 4195 1160 4254; x_wconf 89' lang='lat' dir='ltr'><strong>eir</strong></span> <span class='ocrx_word' id='word_1_273' title='bbox 1188 4171 1426 4284; x_wconf 81' lang='lat' dir='ltr'><strong>dignitate,</strong></span> <span class='ocrx_word' id='word_1_274' title='bbox 1467 4203 1512 4260; x_wconf 89' lang='lat' dir='ltr'><strong>ac</strong></span> <span class='ocrx_word' id='word_1_275' title='bbox 1540 4176 1721 4291; x_wconf 88' lang='lat' dir='ltr'><strong>suscepto</strong></span> 
     </span>
     <span class='ocr_line' id='line_1_33' title="bbox 209 4285 1715 4398; baseline 0.001 -20"><span class='ocrx_word' id='word_1_276' title='bbox 209 4286 409 4378; x_wconf 91' lang='lat' dir='ltr'><strong>scribendi</strong></span> <span class='ocrx_word' id='word_1_277' title='bbox 450 4310 612 4372; x_wconf 90' lang='lat' dir='ltr'><strong>iuuuere</strong></span> <span class='ocrx_word' id='word_1_278' title='bbox 642 4292 682 4370; x_wconf 88' lang='lat' dir='ltr'><strong>in</strong></span> <span class='ocrx_word' id='word_1_279' title='bbox 714 4286 827 4372; x_wconf 89' lang='lat' dir='ltr'><strong>rebus</strong></span> <span class='ocrx_word' id='word_1_280' title='bbox 856 4285 1125 4372; x_wconf 85' lang='lat' dir='ltr'><strong>Ecclesiasticis</strong></span> <span class='ocrx_word' id='word_1_281' title='bbox 1171 4317 1253 4373; x_wconf 91' lang='lat' dir='ltr'><strong>non</strong></span> <span class='ocrx_word' id='word_1_282' title='bbox 1296 4288 1514 4398; x_wconf 87' lang='lat' dir='ltr'><strong>vulgariter</strong></span> <span class='ocrx_word' id='word_1_283' title='bbox 1545 4290 1715 4379; x_wconf 84' lang='lat' dir='ltr'><strong>versatos</strong></span> 
     </span>
     <span class='ocr_line' id='line_1_34' title="bbox 211 4397 1826 4519; baseline 0.002 -27"><span class='ocrx_word' id='word_1_284' title='bbox 211 4405 373 4492; x_wconf 90' lang='lat' dir='ltr'><strong>credere</strong></span> <span class='ocrx_word' id='word_1_285' title='bbox 401 4397 607 4516; x_wconf 87' lang='lat' dir='ltr'><strong>debemus)</strong></span> <span class='ocrx_word' id='word_1_286' title='bbox 622 4456 636 4504; x_wconf 89' lang='lat'><strong>,</strong></span> <span class='ocrx_word' id='word_1_287' title='bbox 651 4429 736 4487; x_wconf 88' lang='lat' dir='ltr'><strong>cum</strong></span> <span class='ocrx_word' id='word_1_288' title='bbox 757 4422 925 4514; x_wconf 88' lang='lat' dir='ltr'><strong>vterque</strong></span> <span class='ocrx_word' id='word_1_289' title='bbox 950 4405 999 4488; x_wconf 94' lang='lat' dir='ltr'><strong>de</strong></span> <span class='ocrx_word' id='word_1_290' title='bbox 1018 4404 1186 4491; x_wconf 89' lang='lat' dir='ltr'><strong>Damaso</strong></span> <span class='ocrx_word' id='word_1_291' title='bbox 1201 4433 1248 4489; x_wconf 86' lang='lat' dir='ltr'><strong>ex</strong></span> <span class='ocrx_word' id='word_1_292' title='bbox 1267 4400 1437 4513; x_wconf 81' lang='lat' dir='ltr'><strong>professo</strong></span> <span class='ocrx_word' id='word_1_293' title='bbox 1463 4429 1621 4519; x_wconf 89' lang='lat' dir='ltr'><strong>ageret,</strong></span> <span class='ocrx_word' id='word_1_294' title='bbox 1640 4410 1719 4494; x_wconf 71' lang='lat'><strong>1³0-</strong></span> <span class='ocrx_word' id='word_1_295' title='bbox 1818 4458 1826 4469; x_wconf 79' lang='lat'>-</span> 
     </span>
     <span class='ocr_line' id='line_1_35' title="bbox 212 4517 1717 4638; baseline 0 -30"><span class='ocrx_word' id='word_1_296' title='bbox 212 4521 345 4608; x_wconf 85' lang='lat' dir='ltr'><strong>liciani</strong></span> <span class='ocrx_word' id='word_1_297' title='bbox 378 4517 618 4631; x_wconf 86' lang='lat' dir='ltr'><strong>Pontificum</strong></span> <span class='ocrx_word' id='word_1_298' title='bbox 647 4519 814 4634; x_wconf 85' lang='lat' dir='ltr'><strong>catalogi</strong></span> <span class='ocrx_word' id='word_1_299' title='bbox 859 4517 913 4605; x_wconf 91' lang='lat' dir='ltr'><strong>de</strong></span> <span class='ocrx_word' id='word_1_300' title='bbox 946 4519 1074 4631; x_wconf 73' lang='lat' dir='ltr'><strong>patrii</strong></span> <span class='ocrx_word' id='word_1_301' title='bbox 1103 4518 1330 4608; x_wconf 76' lang='lat' dir='ltr'><strong>Sanniffimi</strong></span> <span class='ocrx_word' id='word_1_302' title='bbox 1361 4523 1563 4612; x_wconf 85' lang='lat' dir='ltr'><strong>Pontificis</strong></span> <span class='ocrx_word' id='word_1_303' title='bbox 1600 4550 1717 4638; x_wconf 85' lang='lat' dir='ltr'><strong>aper·</strong></span> 
     </span>
     <span class='ocr_line' id='line_1_36' title="bbox 212 4630 1717 4751; baseline 0.001 -25"><span class='ocrx_word' id='word_1_304' title='bbox 212 4637 396 4726; x_wconf 83' lang='lat' dir='ltr'><strong>tiffimuni</strong></span> <span class='ocrx_word' id='word_1_305' title='bbox 429 4658 501 4741; x_wconf 89' lang='lat' dir='ltr'><strong>pro</strong></span> <span class='ocrx_word' id='word_1_306' title='bbox 532 4634 716 4748; x_wconf 84' lang='lat' dir='ltr'><strong>Hispanis</strong></span> <span class='ocrx_word' id='word_1_307' title='bbox 744 4634 1009 4745; x_wconf 80' lang='lat' dir='ltr'><strong>testimonium</strong></span> <span class='ocrx_word' id='word_1_308' title='bbox 1036 4638 1220 4751; x_wconf 88' lang='lat' dir='ltr'><strong>ignorare</strong></span> <span class='ocrx_word' id='word_1_309' title='bbox 1254 4630 1436 4750; x_wconf 86' lang='lat' dir='ltr'><strong>pollent:</strong></span> <span class='ocrx_word' id='word_1_310' title='bbox 1465 4671 1555 4727; x_wconf 90' lang='lat' dir='ltr'><strong>cum</strong></span> <span class='ocrx_word' id='word_1_311' title='bbox 1579 4670 1628 4730; x_wconf 89' lang='lat' dir='ltr'><strong>ex</strong></span> <span class='ocrx_word' id='word_1_312' title='bbox 1657 4644 1717 4728; x_wconf 93' lang='lat' dir='ltr'><strong>his</strong></span> 
     </span>
     <span class='ocr_line' id='line_1_37' title="bbox 214 4749 1716 4874; baseline 0.006 -33"><span class='ocrx_word' id='word_1_313' title='bbox 214 4781 301 4870; x_wconf 82' lang='lat' dir='ltr'><strong>quac</strong></span> <span class='ocrx_word' id='word_1_314' title='bbox 327 4750 449 4839; x_wconf 87' lang='lat' dir='ltr'><strong>hodie</strong></span> <span class='ocrx_word' id='word_1_315' title='bbox 482 4749 583 4838; x_wconf 92' lang='lat' dir='ltr'><strong>dum</strong></span> <span class='ocrx_word' id='word_1_316' title='bbox 612 4749 819 4867; x_wconf 88' lang='lat' dir='ltr'><strong>supersunt</strong></span> <span class='ocrx_word' id='word_1_317' title='bbox 854 4754 936 4842; x_wconf 90' lang='lat' dir='ltr'><strong>eius</strong></span> <span class='ocrx_word' id='word_1_318' title='bbox 977 4753 1144 4874; x_wconf 87' lang='lat' dir='ltr'><strong>catalogi</strong></span> <span class='ocrx_word' id='word_1_319' title='bbox 1182 4754 1464 4868; x_wconf 81' lang='lat' dir='ltr'><strong>exemplaribus</strong></span> <span class='ocrx_word' id='word_1_320' title='bbox 1494 4755 1716 4872; x_wconf 63' lang='lat' dir='ltr'><strong>nusquam,</strong></span> 
     </span>
     <span class='ocr_line' id='line_1_38' title="bbox 211 4870 1770 4965; baseline 0.004 -7"><span class='ocrx_word' id='word_1_321' title='bbox 211 4892 310 4958; x_wconf 90' lang='lat' dir='ltr'><strong>tunc</strong></span> <span class='ocrx_word' id='word_1_322' title='bbox 342 4900 421 4957; x_wconf 91' lang='lat' dir='ltr'><strong>non</strong></span> <span class='ocrx_word' id='word_1_323' title='bbox 466 4870 628 4957; x_wconf 87' lang='lat' dir='ltr'><strong>obvium</strong></span> <span class='ocrx_word' id='word_1_324' title='bbox 658 4901 749 4959; x_wconf 89' lang='lat' dir='ltr'><strong>euni</strong></span> <span class='ocrx_word' id='word_1_325' title='bbox 778 4871 970 4961; x_wconf 88' lang='lat' dir='ltr'><strong>Codicem</strong></span> <span class='ocrx_word' id='word_1_326' title='bbox 1009 4871 1124 4958; x_wconf 86' lang='lat' dir='ltr'><strong>suisse</strong></span> <span class='ocrx_word' id='word_1_327' title='bbox 1149 4874 1480 4965; x_wconf 80' lang='lat' dir='ltr'><strong>verosimillimum</strong></span> <span class='ocrx_word' id='word_1_328' title='bbox 1517 4875 1604 4964; x_wconf 87' lang='lat' dir='ltr'><strong>lit?</strong></span> <span class='ocrx_word' id='word_1_329' title='bbox 1648 4881 1715 4964; x_wconf 89' lang='lat' dir='ltr'><strong>An</strong></span> <span class='ocrx_word' id='word_1_330' title='bbox 1764 4938 1770 4947; x_wconf 84' lang='lat'>·</span> 
     </span>
     <span class='ocr_line' id='line_1_39' title="bbox 213 4986 1726 5111; baseline 0.003 -32"><span class='ocrx_word' id='word_1_331' title='bbox 213 4990 331 5079; x_wconf 86' lang='lat' dir='ltr'><strong>etiam</strong></span> <span class='ocrx_word' id='word_1_332' title='bbox 358 4986 603 5081; x_wconf 85' lang='lat' dir='ltr'><strong>Pontificalls</strong></span> <span class='ocrx_word' id='word_1_333' title='bbox 632 4990 741 5082; x_wconf 92' lang='lat' dir='ltr'><strong>Libri</strong></span> <span class='ocrx_word' id='word_1_334' title='bbox 774 4990 823 5081; x_wconf 88' lang='lat' dir='ltr'><strong>ab</strong></span> <span class='ocrx_word' id='word_1_335' title='bbox 852 4994 1010 5086; x_wconf 88' lang='lat' dir='ltr'><strong>ineunte</strong></span> <span class='ocrx_word' id='word_1_336' title='bbox 1030 4993 1155 5083; x_wconf 82' lang='lat' dir='ltr'><strong>vili.</strong></span> <span class='ocrx_word' id='word_1_337' title='bbox 1189 4991 1322 5086; x_wconf 83' lang='lat' dir='ltr'><strong>saculo</strong></span> <span class='ocrx_word' id='word_1_338' title='bbox 1342 5002 1518 5087; x_wconf 81' lang='lat' dir='ltr'><strong>exarati:</strong></span> <span class='ocrx_word' id='word_1_339' title='bbox 1548 5024 1596 5087; x_wconf 88' lang='lat' dir='ltr'><strong>an</strong></span> <span class='ocrx_word' id='word_1_340' title='bbox 1626 4999 1726 5111; x_wconf 57' lang='lat' dir='ltr'><strong>Co·⁵</strong></span> 
     </span>
    </p>

    <p class='ocr_par' dir='ltr' id='par_1_6' title="bbox 1016 5111 1709 5204">
     <span class='ocr_line' id='line_1_40' title="bbox 1016 5111 1709 5204; baseline 0.004 -3"><span class='ocrx_word' id='word_1_341' title='bbox 1016 5111 1109 5201; x_wconf 80' lang='lat' dir='ltr'><strong>Ka</strong></span> <span class='ocrx_word' id='word_1_342' title='bbox 1612 5113 1709 5204; x_wconf 90' lang='lat' dir='ltr'><strong>dicis</strong></span> 
     </span>
    </p>
   </div>
   <div class='ocr_carea' id='block_1_4' title="bbox 0 0 2103 5904">
    <p class='ocr_par' dir='ltr' id='par_1_7' title="bbox 0 0 2103 5904">
     <span class='ocr_line' id='line_1_41' title="bbox 0 0 2103 5904; baseline 0 0"><span class='ocrx_word' id='word_1_343' title='bbox 0 0 2103 5904; x_wconf 95' lang='lat' dir='ltr'><strong> </strong></span> 
     </span>
    </p>
   </div>
  </div>
 </body>
</html>
