4184 5904
426 576 606 672 nituere,
632 583 677 659 sic
704 574 886 655 historiam
913 570 1075 650 latissime
1095 568 1301 672 patentium
1319 568 1506 664 regionum
1531 574 1752 660 naturalem,
1774 572 1945 664 civilems

421 707 542 785 ,atque
573 689 680 760 etiam
710 677 979 756 ecclesiasticam
1005 675 1227 772 hispanicis,
1257 671 1436 769 latinisque
1464 674 1596 748 litteris
1623 675 1800 751 illustrare
1827 702 1941 777 cupe-

429 809 546 875 rent,
567 791 603 864 8(
631 808 726 860 vero
757 781 925 880 pollent3
953 776 1110 876 Philippi
1136 778 1182 851 ll.
1208 774 1352 858 Patris,
1378 776 1611 852 acLudovici
1639 781 1689 853 M.
1713 780 1847 853 Proavi
1873 804 1942 852 ex-

429 892 550 989 empla
579 888 738 962 imitatus
764 883 910 982 publica
936 881 1237 981 pecunia,.·quos
1259 894 1376 976 aptos
1395 879 1446 951 rti
1472 882 1592 967 bene,
1616 878 1845 979 feliciterque
1874 903 1939 976 ge-

428 992 553 1064 rendae
581 989 650 1064 esse
678 1002 885 1084 cognorat3
905 1008 985 1059 non
1013 980 1129 1056 modo
1150 981 1190 1053 :in
1221 984 1392 1080 proxima
1412 990 1568 1079 quaeque
1590 985 1675 1057 loca
1690 1035 1701 1070 ,
1716 997 1845 1056 vetera
1871 1005 1939 1054 nu·

428 1091 613 1176 mismata,
638 1088 913 1189 inscriptiones,
937 1086 1040 1183 signa
1066 1081 1252 1183 quaesitum
1272 1111 1284 1174 3
1311 1081 1371 1155 sed
1398 1082 1432 1154 iu
1453 1083 1615 1170 Gallias,
1637 1086 1680 1160 iu
1707 1085 1873 1169 Italiam,
1902 1084 1938 1155 in

426 1193 613 1294 Europam
639 1194 842 1290 reliquam,
871 1189 1010 1275 slsiam,
1038 1205 1149 1286 atque
1166 1185 1328 1258 Africam
1355 1187 1416 1259 uel
1437 1205 1689 1273 monumenta,
1716 1209 1798 1285 qua
1812 1186 1859 1257 ad
1885 1181 1941 1256 in·

427 1292 585 1368 llitutam
607 1295 788 1370 rationem
816 1291 1052 1375 conferrent,
1074 1288 1391 1388 pervestigatum,
1419 1288 1470 1361 tel
1500 1290 1544 1362 de
1575 1290 1713 1387 linguis
1745 1287 1938 1382 cognitum

427 1398 543 1484 misit,
570 1418 727 1496 quarum
757 1393 956 1490 aliquando
984 1390 1066 1465 usus
1094 1392 1129 1464 in
1162 1389 1352 1489 permultis
1370 1389 1611 1489 Hispaniarum
1635 1389 1808 1490 partibus
1837 1389 1938 1462 iuva·

426 1496 570 1584 luisset,
593 1494 800 1593 quibusque
815 1493 913 1568 haud
939 1517 1054 1592 pauca
1078 1492 1295 1578 volumina,
1320 1491 1536 1591 diplonata,
1562 1493 1827 1593 epigrammata
1851 1499 1940 1588 peri

425 1597 565 1698 scripta
584 1597 720 1684 essent,
740 1621 829 1692 -quae
858 1612 921 1670 aut
947 1596 984 1668 iii
1004 1593 1274 1683 bibliothecis,
1302 1594 1547 1692 tabulaiisque
1566 1595 1680 1690 Regni
1711 1592 1939 1667 asservaren-

421 1717 512 1787 tur,
537 1700 661 1772 autin
686 1699 876 1798 publicis,
904 1695 1103 1797 privatisve
1128 1696 1227 1772 locis
1261 1696 1382 1798 posita
1405 1696 1632 1772 silerentur.
1662 1697 1786 1788 ¹Atque
1815 1692 1851 1763 in
1878 1691 1937 1772 his

424 1802 573 1898 quidem
596 1817 671 1874 tam
697 1801 855 1896 egregiis
883 1800 975 1874 viris
1000 1799 1134 1873 merito
1157 1815 1381 1874 numeratur
1397 1797 1589 1874 Fanciscus
1615 1797 1785 1869 l’erezius
1803 1794 1938 1865 Valen-

421 1904 520 1977 tinus
547 1902 673 1989 civis,
701 1903 736 1977 8(
758 1904 792 1975 8.
818 1901 981 1976 Ecclesiae
1004 1900 1288 1977 Barcinonensis
1312 1900 1516 1979 Canoiicus
1548 1900 1684 1986 latine,
1704 1917 1854 1995 graece,
1879 1910 1937 1965 at-

422 2025 497 2099 que
521 2003 692 2078 hebraice
720 2000 890 2091 doetus‘,
918 2028 991 2077 non
1016 2001 1353 2099 dignoscendorum
1372 2001 1480 2080 modo
1504 2019 1674 2076 veterum
1704 1997 1821 2074 omnis
1849 2011 1937 2068 cta·

420 2103 470 2177 tis
485 2104 739 2179 charasterum
763 2102 1033 2192 facultate,sed
1058 2104 1168 2179 totius
1193 2106 1303 2180 etiam
1319 2106 1490 2192 hisloiiae,
1510 2107 1550 2180 '8r
1574 2100 1803 2198 antiquitatis
1824 2096 1938 2170 scieri-

421 2207 471 2279 tia
499 2205 714 2295 excellens3
743 2205 806 2303 qui
833 2204 896 2279 ubi
921 2205 1091 2294 codices,
1107 2207 1329 2307 tabulasque
1355 2212 1490 2311 parias
1521 2203 1785 2303 diligentissime
1811 2200 1847 2274 dr
1870 2220 1937 2271 ex·

420 2308 524 2382 cussit
551 2359 563 2393 ,
586 2308 624 2384 8(
655 2330 823 2401 magnam
849 2303 1032 2404 descripsrt
1066 2325 1209 2407 partem
1239 2338 1252 2398 3
1283 2312 1578 2385 demumitinere
1611 2306 1737 2378 italico
1770 2301 1934 2397 suscepto

418 2409 573 2483 Romam
594 2406 729 2499 venit3
757 2433 830 2507 qua
866 2409 901 2480 in
935 2410 1032 2483 Vrbe
1063 2424 1161 2481 tanta
1186 2408 1242 2482 cst
1270 2413 1354 2486 vsus
1383 2413 1417 2485 in
1439 2406 1656 2486 addiscenda
1687 2405 1842 2477 arabica
1868 2400 1936 2473 lin-

416 2530 492 2606 gua
521 2509 725 2595 celeritate,
748 2527 796 2583 ut
820 2533 894 2584 non
920 2526 994 2584 tani
1017 2509 1189 2607 subsequi
1223 2512 1415 2589 docentem
1438 2510 1674 2610 nagistrum,
1701 2529 1813 2604 quam
1842 2526 1938 2602 prie-

416 2632 570 2688 currere
595 2610 812 2685 videretur.
838 2610 922 2684 Post
950 2612 988 2685 id
1016 2609 1170 2686 studium
1204 2638 1285 2689 cum
1315 2617 1348 2689 se
1379 2612 1664 2689 adevo'lvenda
1701 2621 1936 2683 monumenta
2001 2610 2005 2615 ’

415 2730 546 2785 vetera
570 2710 644 2785 siue
673 2712 833 2786 nondum
864 2715 1075 2811 publicata,
1098 2714 1179 2788 'srie
1204 2719 1310 2791 edita
1337 2718 1573 2801 contulisset,
1602 2713 1791 2808 multaque
1830 2706 1863 2778 in
1893 2704 1935 2780 iis

413 2813 558 2912 legisset
573 2865 585 2900 ,
611 2812 744 2909 quibus
765 2812 879 2885 facile
901 2815 1025 2884 refelli
1046 2838 1237 2887 novorum
1265 2819 1505 2911 quorumdam
1534 2815 1748 2887 criticorum
1780 2815 1834 2889 De
1863 2806 1935 2882 Ro.

414 2940 473 2990 mo
500 2916 574 2990 ὃὸ.
598 2911 767 3010 Damnst,
792 2910 840 2990 ῤ’
865 2910 1062 2987 Laurentii
1084 2916 1211 3012 patrio
1239 2916 1445 3013 opinionem
1475 2915 1573 3015 posse
1598 2915 1867 2999 arbitraretur3
1894 2906 1937 2978 li·

415 3017 524 3088 bruni
545 3012 766 3107 singularem
784 3009 948 3110 Hispanis
967 3009 1117 3087 Sanstos
1145 3012 1291 3089 eosdem
1318 3019 1543 3092 restituturus
1573 3013 1805 3119 perscripsit,
1831 3009 1935 3084 cuius

413 3117 493 3190 haec
519 3112 569 3187 est
594 3112 820 3212 epigraphe:
849 3113 1027 3206 Damasus
1056 3115 1102 3197 ὠ·
1131 3113 1351 3193 Laurentius
1381 3119 1559 3224 Hispanis
1587 3113 1711 3220 offerti
1737 3115 1784 3195 (θ’
1811 3114 1937 3184 vindi·

412 3219 514 3293 cati.
541 3217 645 3289 Hunc
673 3236 746 3310 ego
775 3215 909 3289 librum
940 3214 1046 3290 iussus
1075 3240 1094 3289 a
1128 3209 1443 3295 Reverendilsrino
1466 3226 1504 3296 P.
1520 3225 1554 3296 F.
1581 3221 1737 3316 losepho
1763 3209 1936 3309 Augusti-

298 3404 302 3411 ,
412 3343 464 3392 rio
490 3316 597 3391 Orsio
622 3319 656 3391 S.
679 3319 723 3390 P.
751 3320 796 3391 A.
825 3319 874 3392 M.
904 3319 996 3414 legi,
1025 3335 1239 3418 tantumque
1270 3321 1413 3408 abfuit,
1441 3342 1476 3397 ut
1506 3326 1540 3396 iii
1568 3347 1613 3395 eo
1642 3320 1845 3418 quidquam
1872 3311 1936 3387 os-

414 3417 631 3506 senderem,
658 3418 871 3516 quodcum
900 3421 1122 3498 orthodoxe
1148 3424 1337 3521 religionis
1367 3425 1553 3512 decretis,
1582 3423 1755 3519 reslaque
1789 3438 1934 3492 morum

410 3519 633 3596 institutione
658 3539 870 3621 pugnaret,
897 3540 936 3598 ut
961 3528 1083 3623 potius
1110 3524 1313 3601 admiratus
1344 3525 1406 3601 sini
1432 3527 1656 3603 eruditissimi
1688 3520 1761 3596 viri
1798 3520 1833 3592 in
1862 3543 1934 3589 ru

408 3618 756 3722 alioqui-{impedita
782 3627 1000 3719 explicanda
1024 3645 1171 3719 ,atque
1199 3626 1430 3717 expedienda
1456 3631 1699 3695 excellentem
1725 3650 1803 3688 non
1827 3623 1939 3710 inge-

413 3723 464 3796 uii
486 3723 701 3798 facultatem
724 3721 870 3807 solum,
890 3718 954 3794 sed
984 3721 1091 3794 etiam
1121 3720 1173 3794 rei
1195 3721 1420 3819 antiquariae
1449 3718 1839 3820 comprehensionem,
1865 3739 1935 3790 ex-

405 3824 651 3923 -quisitamque
670 3817 900 3896 dominam.
927 3821 1001 3896 Tot
1022 3823 1117 3894 enini
1140 3821 1381 3919 antiquorum
1402 3821 1635 3906 testimoniis,
1663 3835 1719 3893 tot
1745 3813 1936 3892 conieslu·

408 3927 464 3998 ris
491 3948 538 3999 ex
566 3922 656 3996 atzlis
682 3919 920 4011 sannorum,
946 3947 993 3998 ex
1027 3924 1129 3999 libris
1159 3923 1383 4023 liturgicis,
1410 3923 1705 4001 excarminibus
1737 3937 1931 4021 poetarum

405 4024 699 4100 Christianorum
729 4041 897 4100 veterum
937 4022 1097 4114 dussis,
1134 4044 1263 4124 totque
1307 4029 1486 4128 exemplis
1525 4050 1571 4101 ex
1602 4022 1752 4100 historia
1782 4021 1931 4121 petitis,

409 4126 721 4223 quemadmodum
744 4127 844 4200 suam
871 4127 1148 4213 confirmavit,
1190 4130 1237 4202 sic
1266 4129 1564 4204 adversariorum
1600 4127 1748 4226 depulit
1784 4121 1933 4222 opinio·

406 4250 493 4301 neni
519 4242 596 4316 ,ut
621 4229 688 4302 vix
709 4229 885 4324 cuiquam
919 4231 1041 4304 locum
1070 4228 1253 4304 resistendi
1291 4234 1406 4305 ullum
1443 4230 1626 4329 reliquisse
1664 4227 1865 4301 videatur.
1890 4223 1931 4291 ld

407 4351 504 4403 vero
532 4329 684 4403 candide
713 4350 734 4399 a
758 4352 839 4414 me,
866 4353 1079 4427 nequem,
1108 4332 1210 4431 quod
1234 4332 1432 4427 gratificari
1450 4333 1655 4408 Clarissimo
1684 4323 1842 4403 Austori
1868 4347 1932 4394 ve·

408 4429 501 4515 lini,
528 4429 585 4503 sed
613 4426 716 4528 quod
746 4430 793 4502 ita
816 4455 874 4504 res
905 4431 976 4530 ipsa
1003 4433 1185 4533 postulet,
1213 4435 1313 4527 clici;
1343 4435 1449 4510 facilc
1478 4435 1499 4508 ii
1529 4433 1677 4534 quidem
1703 4427 1931 4520 intelligent,

407 4536 471 4624 qui
498 4533 656 4701 apimum
687 4531 977 4631 aprciudicatis
998 4535 1239 4637 opinionibus
1269 4539 1453 4628 liberunt,
1479 4537 1526 4611 ad
1553 4535 1590 4611 id
1607 4555 1704 4635 opus
1732 4526 1930 4626 legendum

403 4650 519 4707 contu
536 4652 658 4708 erint.

480 4720 623 4813 Dabam
644 4737 767 4833 Romae⁸
792 4733 829 4810 iu
847 4738 966 4818 AEdib.
993 4741 1027 4820 S.
1043 4738 1093 4817 M.
1119 4738 1229 4843 'super
1248 4744 1456 4823 Minervam
1484 4736 1730 4819 v.ld.lunias
1756 4755 1929 4810 nuceum.
2054 4760 2062 4775 ¹

1123 4941 1182 5027 Fr.
1208 4942 1354 5021 Thamna
1383 4949 1510 5021 Maria
1539 4939 1770 5022 Mamnchiur
1792 4937 1844 5012 0.
1871 4931 1929 5004 5⁰.

1209 5044 1401 5145 reclingis
1428 5040 1702 5147 Crifiturtrnjir.
1858 5135 1925 5206 le·
