4184 5904
265 365 385 478 rzb

278 610 326 667 ex
357 569 528 692 professo
558 575 783 691 deignari3
813 578 1051 690 tertiamque
1081 571 1190 664 illam
1219 574 1427 665 Blanchini
1459 575 1583 666 thesin
1612 579 1813 680 infirmis-

277 700 445 796 fimam,
474 693 661 806 nullique
692 719 772 781 uon
800 722 845 781 ex
876 716 988 808 parte
1020 690 1150 779 salsam
1180 688 1280 783 esse.

394 816 584 927 Qartam
618 809 814 927 postremi)
844 809 1126 899 confutandam
1155 810 1451 929 aggredimur,
1488 817 1533 905 in
1576 848 1654 935 qua
1689 822 1809 916 idern

276 935 426 1024 nudor
456 928 717 1020 Prudentium
757 934 798 1011 in
836 956 886 1014 eo
927 928 979 1016 de
1006 956 1086 1042 quo
1125 936 1278 1047 agimus
1308 935 1462 1044 hymno
1495 937 1700 1028 Laurentii
1732 972 1808 1056 pa·

276 1103 307 1152 „
336 1055 452 1136 triam
480 1077 560 1134 non
597 1044 706 1129 filere
734 1040 867 1130 asserit
891 1078 906 1157 3
947 1043 1117 1157 satisque
1140 1049 1304 1137 innuere
1335 1053 1506 1140 Romam
1543 1084 1630 1142 earu
1661 1056 1807 1162 foisse,

276 1221 308 1273 „
339 1169 460 1253 modb
488 1169 660 1248 animum
689 1157 897 1251 advertere
925 1162 1092 1277 Hispani
1124 1163 1280 1268 velint,
1311 1171 1631 1285 quandoquidem
1649 1178 1806 1264 Vrbem

276 1337 309 1388 „
340 1283 389 1369 ad
416 1278 541 1366 Calos
567 1280 746 1377 evehit,
790 1305 954 1395 eamque
994 1300 1200 1396 parentem
1233 1280 1362 1372 dicit.
1399 1289 1550 1373 Verum
1583 1293 1620 1374 δι
1652 1299 1810 1382 inea,

276 1397 465 1489 nonnihil
482 1394 640 1482 humaui
675 1387 823 1506 passum
841 1397 1104 1486 blanchinum
1131 1394 1244 1487 fuisse
1262 1402 1504 1493 ostendemus
1522 1408 1662 1519 mod03
1678 1439 1808 1512 nunc,

279 1513 390 1630 quod
430 1511 587 1610 instat,
635 1509 733 1597 scire
781 1511 910 1599 abeo
948 1519 1209 1604 vehementer
1242 1546 1469 1633 cuperem,
1499 1520 1601 1610 vnde
1624 1524 1803 1614 datum..

275 1630 435 1721 senserit
480 1636 519 1716 in
561 1628 635 1714 illis
670 1655 767 1743 quas
802 1628 1044 1719 Prudentius
1090 1632 1280 1748 congessit
1308 1638 1427 1724 Vrbis
1461 1637 1595 1728 laudes
1622 1642 1801 1728 Lauren-

274 1757 326 1839 tii
370 1755 536 1863 patriam
576 1750 776 1832 contineri
815 1745 829 1826 i
873 1747 1043 1859 Diversa
1078 1755 1241 1860 quidem
1278 1783 1370 1840 meo
1397 1752 1548 1844 iudicio
1575 1756 1799 1861 hacsunt,

274 1872 400 1956 immo
440 1869 478 1951 u
507 1855 727 1977 longithmie
762 1866 889 1974 petita
919 1926 929 1947 .
962 1862 1117 1954 Laudat
1144 1868 1303 1984 quideru
1327 1870 1570 1961 Prudentius
1594 1874 1794 1978 Romam,

275 2007 322 2074 vt
352 1982 510 2098 pridem
535 1979 789 2079 dicebamus,
818 1979 840 2065 ai
877 1980 1101 2098 religione,
1120 1989 1577 2104 triumphis,imperio,
1605 1988 1799 2103 sacrisque

276 2104 501 2214 Martyrum
528 2095 713 2185 exuviis:
746 2094 844 2211 quid
870 2119 1004 2187 autem
1033 2097 1074 2188 id
1091 2157 1105 2204 ,
1122 2100 1277 2219 quaes0,
1312 2106 1422 2192 cum'
1441 2110 1645 2198 Laurentii
1676 2108 1801 2196 nollri

275 2225 402 2336 patria
432 2242 645 2306 commune
666 2213 847 2300 habeat?
880 2219 968 2303 Aut
994 2247 1067 2305 cur
1101 2238 1164 2308 tot
1194 2219 1345 2338 alioqui
1378 2228 1606 2314 nominibus
1633 2225 1807 2317 laudan-

275 2336 367 2424 dam
394 2339 544 2423 Vrbem
589 2358 669 2418 non
699 2329 880 2419 laudaret
904 2338 1178 2437 Prudentius,
1207 2340 1424 2451 prasertim
1455 2371 1547 2429 cum
1587 2342 1711 2458 ipsam
1751 2369 1806 2431 ex

276 2452 471 2569 Hesperii
503 2449 641 2539 vltima
676 2449 778 2561 quasi
808 2441 1034 2561 presentem
1063 2449 1372 2564 alloqueretur?

392 2568 568 2673 Verum,
602 2565 730 2681 inquit
754 2562 1116 2671 blanchinus,uon
1142 2567 1303 2657 tantum
1331 2569 1493 2675 laudat,
1523 2572 1704 2666 sedeam
1734 2580 1804 2666 in·

277 2688 392 2802 super
418 2693 626 2775 Potentem
650 2701 802 2771 vocat.
835 2686 955 2774 Cuius
977 2706 1109 2774 tamen
1136 2746 1153 2793 ‚
1184 2691 1345 2801 inquam
1367 2718 1444 2803 ego
1470 2746 1485 2794 ,
1514 2696 1759 2786 Parentalia,
1785 2699 1805 2781 2

278 2806 562 2899 Laurentiue?
593 2800 765 2888 Minime
790 2796 830 2885 id
861 2804 988 2903 verb,
1018 2801 1113 2905 sed,
1143 2804 1253 2918 quod
1279 2805 1417 2892 eodem
1448 2811 1630 2910 recidit,
1661 2817 1793 2900 Fano·

275 2954 365 3021 rum
393 2990 404 3013 .
436 2926 559 3010 Aitne
596 2942 727 3007 autem
758 2913 859 3002 serii)
886 2919 1122 3007 blanchinus
1147 2968 1161 3016 ,
1191 2938 1261 3002 aut
1299 2920 1392 3003 datai
1421 2953 1492 3009 nos
1527 2926 1649 3035 operat
1681 2927 1797 3010 ludi-

274 3048 391 3134 ficare
424 3041 538 3128 vult-i
571 3039 629 3122 En
661 3039 743 3121 eius
764 3036 918 3142 Hymni
946 3031 1170 3146 synopsin.
1206 3031 1435 3146 Alloquitur
1462 3040 1634 3152 primum
1668 3049 1709 3127 io
1741 3066 1798 3124 eo

275 3163 451 3249 Romam
476 3152 713 3243 Prudentius
740 3149 898 3253 noster,
926 3178 1044 3263 quam
1072 3153 1267 3240 Funerum
1284 3151 1381 3240 olim
1407 3158 1641 3255 verentem,
1668 3184 1800 3243 cnar-

275 3309 351 3367 sro
387 3299 518 3367 tamea
542 3274 717 3363 deditam
746 3289 863 3357 vocat
892 3290 908 3371 3
954 3268 1134 3381 nihilque
1177 3268 1249 3384 ipli
1282 3271 1360 3356 iam
1387 3261 1516 3359 deesse
1542 3275 1674 3384 gloria
1701 3299 1800 3383 gra-

274 3394 467 3499 tulatur,
509 3386 831 3508 quandoquidem
869 3381 1016 3473 nedum
1058 3385 1227 3473 mortale
1262 3417 1385 3500 genus
1423 3388 1667 3491 hominum,
1697 3386 1799 3495 sed,

278 3512 384 3629 quod
413 3541 535 3601 vnum
564 3504 808 3618 supererat,
837 3501 1080 3592 immortales
1107 3508 1228 3590 etiam
1262 3507 1399 3606 Deos,
1430 3506 1636 3623 ipsumque
1668 3510 1792 3593 Sum·

273 3659 380 3717 mum
403 3631 540 3718 Iovem
572 3625 817 3741 (Ethnicam
850 3620 1005 3738 phrasin
1034 3617 1255 3733 emphaseos
1284 3617 1408 3710 causa
1434 3624 1665 3711 Christiana
1693 3648 1801 3736 pra‘·

274 3746 474 3862 tulimus)
507 3748 724 3830 Laurentio
762 3739 862 3829 duce
898 3743 1040 3829 vicerit
1073 3735 1445 3852 prostraveritque.
1494 3743 1633 3856 Pergit
1671 3737 1800 3854 porris

275 3869 377 3952 Sitti
409 3865 463 3948 de
488 3880 619 3947 morte
643 3859 857 3943 Laurentii
884 3856 1145 3957 vaticinium,
1176 3853 1325 3944 Levitae
1347 3858 1577 3945 Sandissimi
1616 3856 1800 3972 dignita-

279 4002 390 4078 tem,
422 3976 598 4063 Praesrdis'
627 3980 879 4078 avaritiam,
908 3974 1061 4090 reliqua
1097 3973 1259 4061 demum
1294 3998 1380 4091 quae
1409 3972 1514 4060 illius
1547 3973 1801 4087 passionem·

262 4088 573 4210 praecesserunt,
599 4121 831 4211 exponens,
858 4093 986 4181 donec
1000 4089 1290 4212 semreslulato,
1319 4112 1365 4181 vt
1385 4089 1625 4179 Prudentius
1642 4092 1697 4178 ait
1711 4092 1800 4207 (a),

274 4232 425 4331 corpore
455 4210 624 4329 loquens
660 4211 685 4298 ὲ
718 4210 863 4299 catalla
889 4214 1052 4320 Martyr
1086 4208 1330 4309 inducitur,
1368 4234 1660 4323 cunrsrvvrque
1685 4212 1797 4293 inter

275 4331 452 4420 flammas
478 4356 628 4431 orans,
659 4351 704 4418 vt
739 4328 806 4444 qui
839 4328 1025 4417 Romano
1049 4328 1219 4442 imperio
1244 4329 1396 4415 Gentes
1422 4314 1618 4415 vniver'sas
1650 4323 1797 4439 parbre

275 4440 438 4535 iusserat
468 4500 483 4549 ,
510 4445 663 4534 easdem
690 4444 808 4563 pulsis
837 4445 932 4534 inde
963 4438 1282 4558 superstitionum
1307 4442 1487 4532 monstris
1516 4448 1558 4528 in
1584 4470 1701 4530 vnam
1727 4439 1797 4525 Fi·

205 4640 208 4645 .
275 4566 370 4653 dem
401 4566 508 4654 coire
536 4560 679 4651 saciat.
1038 4586 1046 4605 ·
1473 4564 1477 4573 ’

406 4682 544 4770 Liceat
574 4709 679 4768 nunc
710 4679 806 4769 mihi
837 4675 1031 4800 (quando
1056 4696 1210 4770 tantum
1240 4679 1333 4767 aliis
1361 4681 1461 4781 boni
1494 4684 1568 4768 otii
1600 4672 1799 4764 inutiliter

277 4802 622 4919 contrivimus),
652 4796 767 4886 liceat
797 4806 959 4914 inquam
990 4800 1198 4886 Laurentii
1233 4799 1554 4913 deprecationem
1589 4793 1715 4908 qualis
1749 4794 1798 4874 in

277 4919 433 5034 hymno
463 4919 660 5022 habetur,
691 4943 780 5003 cum
808 4946 852 5004 ea
878 4945 996 5035 quam
1022 4916 1162 5009 Levita
1188 4916 1447 5009 sanctissimus
1475 4943 1652 5005 orsmaro
1681 4910 1800 4996 Mar·

1170 5055 1177 5067 ’
1731 5046 1808 5141 ‘Vr

326 5183 396 5261 [v]
420 5189 542 5276 Serapi.
566 5191 727 5262 arrau-
751 5190 787 5265 r·
805 5193 883 5279 3482
