4184 5904
1585 380 1691 493 119

180 580 226 665 lu
251 572 397 689 hymnis
428 598 522 685 qaas
550 568 599 657 de
624 566 777 656 surrilis
800 565 1078 659 Notioralr'bar
1100 568 1238 658 raalait
1264 617 1281 667 s
1307 587 1352 657 ar
1382 594 1511 659 raram
1531 569 1691 684 patriar

164 693 307 811 filaret
338 752 349 774 .
398 689 512 773 Itane
557 685 655 772 verb
684 736 698 783 ,
729 693 884 821 inquam
910 683 926 762 ἓ
956 686 1080 798 Atqui
1107 685 1302 798 Hispanus
1339 705 1424 771 erat
1449 690 1690 774 Vincentius

178 812 323 894 Levita
347 805 388 884 be
412 803 572 915 Martyr
599 796 902 905 celeberrimus,
920 800 1140 916 eidemque
1166 829 1210 887 ac
1230 801 1470 889 Prudentius
1493 799 1696 887 Caesarau-

178 923 293 1041 guild
317 918 455 1018 Vrbe,
479 941 523 1008 ut
543 915 749 1020 creditur,
765 943 908 1008 natus:
938 916 1046 1029 apud
1063 915 1257 1031 Hispanos
1274 917 1413 1003 itidem
1430 921 1563 1017 altus,
1593 914 1694 1000 edu-

183 1065 323 1135 catus,
353 1028 507 1145 paisus3
537 1033 642 1120 nullai
677 1036 851 1151 denique
881 1064 957 1123 non
987 1062 1036 1119 ex
1065 1054 1177 1149 parte
1204 1029 1437 1146 Hispanus.
1471 1034 1695 1121 Nihilomi-

98 1168 109 1193 '
181 1184 258 1244 nus
278 1171 409 1241 tarssen
435 1159 475 1237 iu
501 1155 682 1267 hymn0,
708 1182 826 1266 quent
842 1153 893 1239 de
920 1154 1003 1240 eius
1021 1149 1192 1265 passione
1221 1152 1459 1238 Prudentius
1488 1142 1694 1264 elegantis*-

179 1277 318 1358 fimum
347 1276 515 1377 panxit,
548 1298 620 1356 nec
647 1271 773 1355 multis
799 1271 919 1383 quaim
955 1268 1163 1354 Laurentii
1183 1268 1406 1354 breviorem
1437 1266 1534 1385 (a),
1566 1264 1694 1350 alsium

162 1389 231 1474 'de
261 1384 506 1471 Invioiffimi
540 1388 735 1498 Martyris
762 1388 888 1501 patrii
907 1384 1006 1470 sileri
1023 1387 1255 1496 comperi03
1286 1403 1331 1468 vt
1357 1413 1428 1470 nec
1444 1385 1603 1469 verbum
1623 1410 1697 1466 ne-

177 1534 255 1615 que
281 1499 474 1617 particula
492 1503 563 1614 ipsi
583 1501 696 1603 insit,
725 1530 770 1590 ex
789 1506 986 1616 quibusea
1011 1503 1100 1588 elici
1126 1522 1192 1587 aut
1217 1499 1376 1586 odorari
1405 1496 1548 1614 possit.
1580 1502 1694 1582 Con-

178 1619 281 1706 ferat
310 1618 423 1716 haec,
451 1614 610 1729 qualo,
641 1618 878 1708 Blanchinus
904 1649 996 1707 cum
1021 1621 1068 1705 iis
1093 1644 1178 1733 quae
1206 1618 1245 1702 in
1264 1612 1433 1703 secunda
1450 1616 1543 1702 thesi
1571 1614 1695 1727 scrip·

177 1734 314 1839 serat,
340 1730 522 1835 scilicet,
551 1732 578 1819 st
607 1736 650 1822 in
663 1737 853 1852 Hispania
877 1757 991 1823 natus
1018 1732 1143 1822 fuisset
1161 1738 1396 1820 Laurentius
1415 1788 1430 1837 ,
1447 1726 1609 1819 mininie
1632 1733 1694 1842 ip-

183 1850 257 1938 sius
289 1848 455 1963 patriam
485 1849 508 1934 a
537 1852 758 1942 Prudentio
785 1856 825 1941 in
854 1882 904 1940 eo
930 1854 1084 1963 hymno
1117 1853 1455 1963 praetereundam.

292 1965 451 2052 Verrim
476 1965 517 2052 id
547 1965 674 2055 forsan
701 1971 741 2055 in
771 1972 923 2084 hymno
949 1970 1158 2058 Vincentii
1177 1966 1394 2055 blanchino
1421 1964 1613 2081 singulare
1633 1972 1696 2051 vi·

176 2083 368 2183 debitur,
397 2101 513 2197 atque
545 2085 648 2171 adeo
677 2084 914 2177 insufficiens
941 2108 987 2177 vt
1014 2108 1216 2199 receptum
1245 2085 1391 2197 alioqui
1416 2084 1626 2169 Prudentii
1650 2082 1694 2165 in
1749 2110 1753 2121 ·

42 2222 45 2229 ’
173 2207 324 2285 caretis
354 2202 515 2309 hymnis
546 2227 727 2305 rnorem,
754 2204 937 2293 edicendi
957 2210 1186 2292 Samiorum
1211 2208 1383 2313 patrias,
1407 2198 1595 2287 ullatenus
1611 2226 1689 2310 op-

173 2340 351 2430 pugnare
398 2314 565 2432 valeat3
596 2346 724 2431 neque
755 2321 838 2437 ipse
874 2325 1118 2420 abnuerem,
1147 2319 1173 2404 fi
1199 2346 1258 2406 res
1286 2318 1336 2404 sic
1372 2317 1568 2402 haberet.
1614 2311 1694 2401 Sed

169 2431 267 2540 quid
295 2432 322 2517 st
353 2429 500 2534 nulllus
525 2462 572 2521 ex
601 2435 789 2552 Hispanis
821 2439 1098 2549 Martyribus,
1126 2437 1461 2554 quorum'hymni
1496 2432 1695 2518 habentur

169 2546 215 2631 in
243 2552 364 2637 Libro
391 2556 476 2648 are)
496 2558 657 2654 modius
686 2555 852 2667 patriam
880 2553 1038 2667 usquam
1054 2556 1295 2641 Prudentius
1324 2552 1525 2661 eloquutus
1555 2543 1693 2654 suerit3
1818 2640 1822 2649 ,

169 2689 215 2747 ac
254 2664 307 2747 ne
348 2699 466 2758 vnum
508 2681 669 2788 quidem
703 2700 752 2756 ex
796 2671 884 2785 ipsis
915 2670 978 2759 vel
1009 2675 1232 2782 generatim
1261 2667 1476 2781 Hispanum
1517 2663 1692 2752 dixerit?

175 2781 427 2872 Paradoxum
462 2792 535 2876 hoc
564 2787 656 2876 sane
688 2788 908 2875 Blanchino
935 2787 1169 2891 videbitur3
1200 2791 1240 2875 id
1275 2813 1347 2873 nos
1376 2805 1505 2869 tamen
1532 2789 1694 2896 proprio

169 2899 354 3009 periculo
384 2910 606 3002 tuendum,
637 2926 755 3015 atque
780 2905 1066 2989 ostendendum
1085 2905 1337 3019 suscipimus3
1367 2898 1476 3012 quod
1507 2901 1568 2986 vel
1595 2927 1693 2986 unus

170 3019 253 3098 eius
282 3015 391 3102 Libri
418 3021 563 3105 titulus
592 3024 656 3106 Da
683 3023 836 3106 Coronis
861 3072 876 3121 ,
906 3018 968 3104 seu
996 3018 1224 3137 Pafflanibar
1254 3023 1485 3128 Martyrum
1515 3044 1593 3104 non
1617 3017 1695 3102 ob·

167 3128 280 3214 scusi:
313 3133 487 3218 indicat.
525 3134 720 3220 Vniversa
751 3138 874 3244 igitur
891 3135 1133 3243 hymnorum
1162 3140 1246 3223 eius
1273 3137 1383 3221 Libri
1401 3135 1542 3233 series,
1572 3150 1694 3248 prout

167 3274 251 3333 eam
269 3248 436 3334 loannes
452 3247 660 3334 Weitzius
687 3250 876 3349 exhibet,
905 3249 1047 3335 ordine
1074 3252 1185 3335 nobis
1216 3249 1483 3358 percurrenda
1506 3252 1588 3337 est.

282 3367 436 3451 Primus
469 3370 646 3448 omnium
673 3365 823 3448 Sandis
850 3366 1085 3451 Hemeterio
1113 3365 1152 3446 ὅ(
1177 3361 1421 3448 Chelidonio
1447 3368 1692 3479 Martyribus

166 3478 417 3582 inscribitur,
443 3510 543 3595 quos
563 3487 604 3566 in
635 3476 773 3568 fronte
800 3482 1119 3596 Calagurritanas
1147 3479 1382 3566 Prudentius
1412 3503 1526 3566 vocat
1557 3485 1691 3597 (b),

173 3591 307 3710 bisque
332 3603 373 3682 in
407 3600 560 3709 hymno
587 3622 739 3687 terram
768 3597 961 3686 Hiberam
991 3599 1057 3714 (a)
1088 3653 1103 3702 ,
1132 3596 1371 3711 colonosque
1400 3624 1490 3710 qaas
1522 3599 1693 3686 Hiberas
1817 3600 1824 3617 '

168 3718 291 3803 alluit
323 3714 421 3830 (d),
452 3717 494 3802 id
522 3717 576 3804 est
604 3718 895 3828 Calagurrim,
924 3719 963 3800 &
992 3720 1307 3833 Calagurritanis
1338 3710 1510 3814 laudat3
1542 3716 1725 3799 multo-⁶

167 3860 244 3944 que
272 3830 476 3944 expreffilrs
503 3838 544 3919 in
575 3840 743 3942 Hymno
780 3834 832 3918 de
856 3838 1005 3919 Sanctis
1035 3835 1283 3945 Martysibus
1311 3828 1689 3940 caesaraugustanis,

167 3946 236 4035 vbi
267 3943 320 4030 de
349 3946 488 4038 iisdem
519 3951 754 4038 Hemeterio
781 3950 820 4031 bc
846 3948 1093 4038 Chelidonio
1117 3950 1310 4061 loquens,
1340 3958 1396 4041 ait
1427 3956 1515 4061 (e):

513 4094 656 4248 Nostra
676 4120 845 4245 gestabit
871 4120 1100 4243 Calagurris
1129 4122 1259 4211 ambas

632 4248 757 4375 Qus
787 4270 1044 4334 vereramur.

163 4416 329 4548 Putavit
367 4428 533 4525 autent,
564 4436 610 4511 vt
637 4424 844 4522 conficio,
873 4420 1106 4509 Blanchinus
1130 4418 1188 4504 his
1217 4415 1314 4506 locis
1343 4419 1547 4536 rariusque
1575 4415 1688 4616 llius

1626 4562 1689 4620 ar·

205 4708 271 4777 (a)
295 4699 326 4768 Is
346 4699 390 4769 est
408 4698 517 4768 ordine
540 4698 696 4769 Secundus
716 4698 747 4766 in
771 4696 893 4769 Editio-
949 4695 1127 4768 Hemeterii
1156 4699 1191 4765 δε
1222 4691 1405 4765 Chelidonii
1437 4698 1689 4785 Calagurritano-

161 4812 200 4857 ne
215 4791 342 4860 Weitzii
358 4838 367 4856 .
385 4792 514 4861 Constat
525 4811 626 4860 autem
640 4790 794 4862 CXLIV.
807 4794 893 4858 Stro·
949 4814 1015 4862 rum
1030 4834 1040 4855 .

156 4881 224 4962 phis
237 4924 248 4959 ‚
262 4885 406 4973 Hymnus
425 4889 499 4951 verb
519 4880 691 4964 Laurentii,
706 4884 759 4970 qui
776 4884 808 4947 r'n
823 4903 893 4948 ea...
1003 4889 1057 4957 (a)
1085 4883 1206 4967 Stropb.
1227 4883 1270 4947 11.
1294 4882 1321 4949 s(
1356 4881 1417 4948 IV·

157 4970 292 5040 editione
328 4975 435 5044 tertius
460 4996 638 5043 numeratur
658 4976 802 5060 Strophas
826 4997 893 5041 om·
996 4974 1056 5057 (d)
1078 4976 1196 5058 Struph.
1216 4973 1359 5038 XXXIX·
1376 4973 1412 5039 P·
1430 4991 1506 5043 117·

156 5061 229 5129 nind
253 5063 591 5134 exsistentiae.
997 5068 1060 5145 (c)
1084 5069 1197 5152 Hyum
1221 5067 1295 5131 VII.
1322 5068 1377 5129 SS·
1395 5068 1492 5130 MM·
1513 5063 1690 5151 Caesorarrg·

198 5153 271 5233 (b)
293 5155 418 5245 Hymn.
443 5159 472 5225 1.
491 5157 523 5223 in
546 5157 696 5226 honorem
720 5155 774 5225 SS.
798 5153 890 5223 MM.
951 5154 1074 5243 Strrpb·
1089 5159 1184 5231 VIII·
1207 5156 1245 5228 lr-
1270 5154 1383 5220 XXXI.
