4184 5904
1592 341 1667 483 '53
1752 411 1773 456 ι
1870 392 1884 405 ’

81 612 84 617 ·
157 591 296 658 eorum
332 561 490 654 errores
532 552 900 666 dissemioavIsset,
931 569 1091 648 utrem
1124 552 1365 672 'expendenti
1395 549 1674 645 manifestum,

151 685 253 772 liet.

275 800 357 884 Vix
381 793 463 882 scio
492 821 541 882 an
569 796 661 881 huie
698 797 1013 883 coniceturarum
1052 791 1168 880 seriei
1196 848 1216 897 ,
1241 818 1357 906 quam
1388 804 1432 879 vt
1467 791 1673 881 verolami-

152 918 233 1004 lem
256 921 514 1010 attexuimus,
542 912 748 1026 quidpiam
777 909 869 997 infit
892 907 998 1021 quod
1024 913 1065 996 iu
1093 903 1371 995 Ecclesrailicas
1401 908 1505 1019 leges
1532 929 1599 994 aut
1630 905 1671 991 iu

154 1031 396 1121 Historicam
424 1028 541 1115 fidem
571 1027 809 1141 impingat.
840 1028 936 1114 Fam
967 1053 1036 1111 nos
1065 1025 1244 1140 denique
1274 1044 1395 1138 prout
1424 1026 1505 1114 alib
1529 1023 1672 1110 distra-

154 1151 227 1236 ctis
250 1145 380 1233 oblata
403 1145 577 1256 primum
605 1142 714 1243 fuit,
746 1161 957 1254 utcumque
975 1148 1233 1232 examinatam
1258 1157 1417 1242 tamen,
1454 1148 1573 1252 arquis
1595 1144 1675 1227 Le·

157 1263 330 1352 (toribus
356 1256 671 1373 repraesentamus
697 1319 708 1342 .
738 1261 881 1370 Neque
908 1258 1057 1347 etenim
1084 1263 1125 1343 in
1149 1254 1346 1368 expedito
1370 1257 1515 1342 itinere
1542 1263 1673 1344 otium

156 1382 275 1471 nobis
308 1374 357 1460 ad
384 1404 468 1460 eam
496 1373 750 1461 ulterioribus
777 1376 882 1457 curis
916 1371 1200 1461 discutiendam
1228 1372 1449 1484 suppetiit,
1478 1401 1553 1459 nec
1580 1371 1674 1458 libri
1792 1375 1796 1383 ⁴

157 1498 211 1582 ad
230 1488 366 1578 arantis
384 1487 546 1579 fuerunt
573 1493 776 1579 nocturnis
800 1482 1009 1600 prasertim
1031 1492 1166 1588 horis,
1196 1490 1341 1602 quibus
1355 1490 1554 1602 longiores
1582 1514 1674 1575 cum

157 1612 281 1698 Musis
309 1607 534 1720 congressis
560 1635 699 1695 earum
739 1621 933 1693 amatores
971 1606 1202 1720 discupiuot
1221 1662 1240 1688 -.
1279 1605 1537 1724 Qicumque
1574 1632 1673 1720 ergo

158 1754 231 1815 nos
258 1721 400 1812 alicubi
428 1721 615 1836 deceptos
630 1740 738 1811 certa
766 1745 841 1833 pro
867 1723 1066 1823 incertis,
1092 1724 1306 1833 incongrua
1338 1746 1413 1836 pro
1442 1718 1677 1808 verosimili·

159 1846 230 1931 bus
258 1828 428 1952 captasse
460 1837 815 1951 deprehenderit,
855 1835 989 1955 deque
1017 1843 1063 1924 iis
1103 1836 1206 1925 bonai
1241 1836 1319 1928 fide
1350 1835 1576 1925 admonitos
1602 1865 1697 1926 ve·.

164 1958 255 2161 gt,
298 1952 470 2045 maximo
507 1953 576 2045 ille
604 1977 724 2081 atque
752 1952 966 2045 immortali
994 1953 1190 2043 benefitio
1229 1952 1302 2044 fibi
1345 1950 1555 2042 devinctos
1580 1950 1679 2041 red·

197 2093 239 2158 et
255 2128 287 2160 ν

580 2380 1250 2500 APPENDIX

318 2639 391 2741 De
417 2652 465 2741 D
478 2674 550 2743 att
565 2681 655 2745 nst
688 2654 971 2751 monumentis
997 2647 1139 2759 Roma
1154 2645 1499 2792 strperlsitisus.
1535 2774 1548 2787 .

79 3005 81 3008 ’
158 2992 329 3311 Ν
350 2992 416 3076 On
446 2992 522 3081 fuit
549 2997 702 3080 animus
735 2992 857 3085 initio
883 2994 939 3086 de
968 3000 1044 3086 lroc
1074 3009 1312 3114 argumento
1346 3022 1490 3109 agere,
1523 2958 1698 3112 quippe*

361 3111 467 3217 quod
498 3112 662 3196 minim&
689 3115 870 3231 exigebat
898 3117 1088 3230 propositi
1121 3120 1241 3202 nostri
1273 3116 1401 3223 rati03
1431 3138 1591 3226 eamque
1610 3111 1677 3196 'ob

364 3222 516 3309 causam
556 3245 734 3313 extantes
768 3227 889 3316 hodie
921 3236 960 3316 in
990 3234 1102 3320 Vrbe
1129 3231 1282 3321 Damafi
1325 3229 1598 3344 inscriptiones
1623 3222 1677 3312 ati

164 3343 428 3431 Colleisionam
439 3343 693 3458 staparslr'aam
716 3348 845 3432 Rome
870 3345 1075 3464 Hispanias·
1096 3357 1260 3438 nominis
1284 3369 1677 3443 monumentum-³2

156 3483 250 3568 quae
276 3456 409 3542 affedta
441 3459 480 3541 &
496 3459 728 3569 propediem
744 3459 980 3548 absolvenda
1008 3467 1184 3551 manibus
1213 3460 1350 3548 nostris
1380 3468 1551 3559 teritur,
1583 3466 1677 3544 reii-

162 3571 325 3660 ciendas
350 3573 555 3659 duximus.
589 3576 739 3661 Verum
757 3606 845 3662 cum
875 3604 918 3662 ea
930 3576 1154 3681 Cotuato,
1185 3602 1268 3695 quae
1291 3578 1417 3662 tribus
1443 3576 1602 3662 rnaioris
1632 3592 1677 3661 vt

164 3710 309 3778 vocant
325 3687 459 3775 forme
477 3689 738 3776 voluminibus
765 3693 989 3795 conilabit,
1017 3723 1099 3780 non
1113 3725 1164 3784 eo
1189 3690 1351 3782 confilio
1377 3690 1529 3778 duobis
1551 3688 1676 3776 ador·
1775 3744 1776 3749 κ

163 3826 255 3895 nata
283 3804 328 3892 fit
359 3825 402 3892 vt
444 3813 483 3890 in
523 3806 661 3916 uulgus
701 3815 946 3911 emittatur3
987 3808 1053 3898 sed
1090 3814 1224 3923 potiris
1269 3828 1315 3896 vt
1351 3814 1392 3894 in
1431 3811 1557 3922 Regia
1584 3807 1676 3891 Ma·

89 3924 98 3942 ’
171 3919 326 4010 tritensr
360 3920 600 4006 Bibliotlrecd
640 3923 803 4033 repnfita
836 3920 1052 4036 superstites
1083 3927 1352 4038 Hispanorum
1382 3932 1432 4012 'in
1472 3925 1582 4013 Vrbe
1610 3946 1677 4010 re-

166 4036 343 4152 liquias,
368 4059 428 4125 tot
461 4037 641 4124 hattenus
658 4036 829 4126 aduersu
856 4037 1127 4142 conflictatas,
1157 4041 1318 4151 ipsoque
1340 4037 1503 4135 demum
1530 4039 1676 4127 attritu
1702 4032 1705 4037 ’

166 4160 324 4277 penitus
369 4151 578 4239 abolendas
608 4154 657 4239 ab
683 4159 847 4243 interitu
882 4156 1057 4244 vindicet
1085 4189 1101 4268 3
1132 4154 1270 4271 easque
1305 4154 1535 4242 nostratibus
1564 4157 1674 4242 domi

167 4274 410 4385 parotium,
435 4295 589 4379 unoque
622 4275 701 4355 itlu
726 4271 1049 4381 rontemplandas
1078 4273 1289 4360 exhibeat:
1317 4297 1537 4388 congruum
1568 4273 1676 4356 arbi·

164 4388 262 4471 trati
290 4381 421 4471 sumus
452 4385 664 4495 archetypa
693 4387 844 4478 Damasi
875 4391 1060 4476 Pobnrata
1089 4391 1358 4475 lucubrationi
1387 4392 1523 4475 nostrae
1552 4387 1676 4488 insere

165 4517 240 4607 ta,
274 4528 486 4617 numquam
513 4507 823 4590 intermorituris
851 4509 994 4591 chartis
1026 4505 1248 4621 poileritati
1276 4502 1528 4594 consecrare.

281 4617 343 4703 Ex
368 4619 628 4733 quadragenis
656 4625 777 4730 igitur
803 4624 1128 4737 quaeSarazanius
1157 4620 1368 4732 collegerat
1395 4619 1548 4708 Damasi
1573 4620 1677 4730 Epi·

168 4740 428 4846 grammatis,
459 4738 666 4848 quibus&
697 4738 887 4826 Merenda
914 4739 1099 4826 nonnulla
1129 4765 1176 4823 ea
1207 4742 1413 4840 Cratero,
1441 4739 1675 4822 &Palatino

166 4848 317 4938 Codice
343 4850 558 4954 adiunxit,
587 4871 773 4965 quaterna
793 4857 947 4941 tantum
976 4855 1250 4958 hodienobis,
1282 4881 1370 4938 cum
1385 4853 1540 4941 alterius
1569 4849 1676 4965 frag·

159 4986 300 5052 mento
335 4961 567 5083 supersunt.
599 4972 655 5057 Ea
686 4998 755 5058 nos
784 4994 972 5088 quantum
1000 4971 1084 5059 fieri
1104 4977 1235 5087 potuit
1265 4976 1443 5059 accurati:
1470 4996 1517 5058 ea
1541 4970 1676 5056 arche-

1566 5089 1676 5201 turris
