4184 5904
274 325 389 511 m

273 589 344 674 rix
374 575 480 668 enim
509 576 590 670 scio
605 608 655 671 en
681 599 822 699 rogate
846 580 1053 696 epitheton
1078 575 1146 665 alii
1173 577 1289 690 quim
1313 577 1661 696 Romae-congruat
1685 587 1797 706 (a);

267 730 360 788 cunr
387 718 519 786 autem
545 702 647 787 hunc
676 705 897 813 Martyrenr
914 696 1136 785 Antiochiae
1163 695 1207 781 in
1222 695 1350 784 lucem
1377 697 1535 790 editum
1560 699 1670 790 fuisse
1691 733 1795 793 cre-

227 857 229 860 >
267 815 394 904 dibile
421 814 468 902 fit
495 870 511 918 ‚
540 817 581 903 id
609 819 717 932 quod
750 815 1051 904 Ambrosianum
1072 815 1319 902 Breniarium
1351 818 1484 906 Sentii
1511 818 1654 909 Caroli
1686 824 1790 908 Bor-

264 935 396 1022 romei
422 930 527 1021 iussu
554 933 710 1022 editum
739 935 880 1048 aperfe
906 932 1024 1019 docet
1048 931 1123 1048 (b)
1158 939 1180 1033 3'
1198 932 1240 1014 δι
1263 931 1427 1022 aliis'in
1455 935 1598 1026 eadem
1627 939 1790 1030 vrbe-e

264 1049 418 1166 passum
447 1048 526 1167 (c)
551 1107 567 1153 ,
597 1079 670 1139 nec
699 1051 837 1137 Romae
863 1051 1033 1135 incolam
1062 1040 1177 1134 fuisse
1203 1048 1408 1141 sciamus:
1452 1051 1627 1167 superest
1654 1071 1699 1144 ut
1730 1054 1788 1141 de

263 1174 354 1259 iure
382 1174 563 1257 Romane·
597 1175 773 1258 civitatis
796 1169 939 1279 hymni
967 1172 1112 1253 traeius
1142 1161 1422 1282 intelligendus
1450 1169 1535 1276 fit,
1565 1197 1692 1287 eoque
1714 1171 1790 1257 Iu·

263 1282 391 1372 liunus
421 1284 569 1371 intuitu
591 1293 692 1373 cinis
723 1285 772 1371 ab
800 1280 957 1370 Isrdoro
986 1282 1164 1382 dicatur,
1190 1282 1306 1395 quiid
1333 1287 1376 1375 in
1395 1287 1498 1378 urbe
1515 1288 1696 1376 civitatis
1719 1286 1790 1374 iu-

181 1410 187 1418 “
264 1397 487 1488 redonari
513 1457 529 1505 ,
559 1401 685 1516 qualis
707 1405 832 1512 Syriae
867 1398 1083 1488 Antiochia
1107 1415 1192 1486 erat
1216 1399 1241 1515 (
1255 1401 1359 1520 d),
1387 1402 1533 1495 natales
1559 1403 1748 1492 hausisset
1772 1461 1787 1487 .

264 1519 351 1604 Iam
385 1541 484 1605 vero
524 1544 614 1603 cum
652 1518 823 1604 Iulianus
862 1511 934 1603 sub
964 1512 1221 1606 Diocletiano
1258 1520 1298 1602 &
1332 1522 1611 1620 Maximiano,
1650 1515 1789 1604 idest

262 1650 437 1722 exeunte
460 1632 668 1722 minimum
686 1635 812 1723 tertio
829 1631 984 1719 Christi
1008 1630 1181 1734 saeculo,
1209 1629 1340 1746 passus
1366 1636 1515 1726 fuerit:
1544 1633 1782 1750 consequeus

149 1819 153 1827 .
261 1749 357 1838 fieri
379 1747 574 1855 ridetur,
604 1777 655 1838 eo
683 1747 809 1838 adhuc
829 1765 1014 1864 tempore
1040 1745 1135 1862 (aut
1159 1747 1296 1840 saltem
1317 1783 1401 1869 quo
1426 1756 1613 1866 Hymnus
1637 1752 1686 1838 ab
1707 1748 1781 1835 ΙΕ-

261 1865 367 1955 doro
398 1862 638 1979 conscriptus
665 1861 778 1981 suit)
805 1873 902 1957 einis
928 1873 1096 1958 Romani
1118 1894 1264 1956 nomen
1290 1897 1372 1959 non
1403 1867 1557 1984 vulgari
1580 1872 1623 1955 in
1649 1871 1782 1982 pretio

229 1989 232 1994 ’
264 1983 442 2072 habitum
460 1977 605 2117 fuisse.
639 1984 776 2100 Atque
797 1985 881 2072 haec
896 1983 1093 2105 deprime
1105 1983 1318 2106 uerborum
1339 2013 1567 2079 urrunnun
1591 2012 1699 2076 crvrs
1720 1984 1785 2069 in-

266 2113 578 2213 terpretatrone.

274 2280 277 2285 -
381 2215 565 2330 Superest
586 2214 693 2317 alia,
720 2244 840 2332 quarn
858 2249 964 2338 ego,
994 2223 1023 2312 sr
1044 2225 1140 2314 bina
1160 2222 1227 2313 illa
1244 2229 1364 2317 rerba
1381 2254 1457 2342 pro
1479 2223 1663 2338 genuinis
1679 2221 1790 2308 Leo-

259 2334 389 2423 nianis
412 2332 574 2422 admitti
599 2333 800 2440 volumus,
825 2342 1057 2425 Sanctorum
1070 2345 1239 2428 Patrum
1265 2343 1496 2446 sententiis,
1527 2337 1809 2453 ipsiusquu

156 2525 162 2538 .
256 2447 432 2541 Ecclefiae
460 2449 616 2568 spiritui
656 2459 1002 2565 congruentiorem
1038 2473 1168 2563 puto.
1215 2457 1420 2541 Notitsrma
1458 2457 1517 2539 est
1554 2456 1695 2537 Latina
1731 2448 1791 2535 fi-

259 2568 464 2689 gnificatio
502 2574 612 2659 vocis
636 2566 813 2690 nerscor3
842 2593 961 2680 quam
986 2566 1121 2654 tamen
1146 2565 1246 2653 srcut
1273 2572 1353 2658 eius
1375 2568 1567 2657 sermonis
1591 2569 1785 2653 Dictato-

261 2712 326 2774 res
353 2686 501 2773 Cicero
528 2740 547 2790 ‚
575 2684 776 2774 Sallustius
798 2742 813 2790 ‚
844 2683 1014 2784 Livius,
1037 2689 1249 2798 caeterique
1271 2712 1346 2801 pro
1370 2693 1417 2775 in
1444 2691 1565 2779 lucem
1592 2685 1686 2788 edi,
1711 2697 1789 2770 aut

250 2805 411 2925 prodire
439 2805 629 2918 perpetui)
663 2801 939 2919 usurpavere:
981 2800 1038 2887 ita
1074 2801 1329 2915 econtrario
1357 2807 1493 2894 Patres
1525 2796 1783 2888 Ecclesrastici

254 2928 336 3009 ianr
365 2916 512 3007 iudei
539 2915 675 3008 seculo
715 2939 892 3032 quarm,
925 2924 968 3004 in
992 2918 1103 3003 Aeris
1130 2917 1360 3026 Martyrum
1388 2947 1609 3029 eorumque
1636 2917 1782 3000 Homi-

252 3036 354 3144 liis,
382 3038 576 3147 praecipue
607 3057 703 3118 vcro
731 3040 772 3117 in
806 3036 922 3118 Sacra
959 3029 1141 3145 Licurgia
1175 3057 1250 3144 pro
1280 3059 1330 3121 eo
1355 3029 1466 3145 quod
1491 3030 1632 3118 Latine
1659 3024 1779 3112 sonat

251 3156 354 3243 mori
368 3150 592 3239 constanter
615 3147 802 3259 accepire
819 3206 833 3254 ‚
853 3167 975 3262 atque
990 3150 1033 3234 in
1050 3176 1101 3235 eo
1124 3145 1237 3235 sensu
1253 3148 1507 3263 interpretati
1522 3145 1639 3232 sunt.
1669 3143 1779 3228 Cum

252 3275 359 3360 enim
376 3296 458 3383 quo
480 3265 550 3354 die
563 3265 762 3376 Martyres
787 3293 955 3382 agonem
983 3261 1390 3367 consummababant‚
1415 3261 1572 3352 caeloid
1587 3261 1642 3349 est
1667 3275 1786 3346 cter-

253 3411 312 3474 nae
338 3383 480 3474 Patriae
515 3379 618 3471 nasci
647 3382 935 3471 crederentur:
970 3410 1020 3477 ‚ex
1051 3381 1129 3470 fide
1164 3387 1382 3494 ac'pietate
1412 3385 1543 3495 potiris
1579 3378 1700 3495 quim
1729 3402 1781 3462 ex

204 3568 210 3576 -
254 3505 393 3593 Latini
421 3498 607 3590 sermonis
628 3499 698 3589 vsu
719 3507 922 3617 propriam
949 3500 1063 3587 huius
1093 3498 1204 3587 verbi
1230 3496 1590 3610 significationem,
1621 3497 1665 3582 in
1689 3518 1781 3579 eam

254 3648 340 3735 quae
370 3647 450 3711 non
472 3617 631 3707 diuersa
663 3617 821 3722 modi),
853 3613 923 3707 sed
950 3612 1167 3732 planissrmi:
1185 3619 1383 3704 contrariu
1405 3616 1495 3716 est,
1523 3609 1781 3703 transtulere.

229 3741 364 3825 ,Hinc
391 3742 611 3838 natalitia,
639 3739 678 3822 δε
703 3742 852 3827 natales
877 3738 1104 3844 Martyrum
1130 3733 1244 3834 dies,
1274 3756 1373 3842 quos
1398 3732 1556 3845 profani
1594 3733 1784 3841 Scripto-

253 3881 316 3942 res
343 3858 579 3956 emortauler,
598 3853 740 3940 Latine
778 3855 996 3963 dicerent3
1038 3846 1149 3937 cuius
1179 3843 1443 3963 usurpationis
1471 3850 1510 3933 dt
1538 3857 1582 3936 in
1613 3845 1782 3935 hodier-

254 3979 317 4062 nis
334 3999 492 4089 quoque
510 3961 711 4058 Miffarum
726 3967 944 4063 Codicibus
965 3994 1047 4058 non
1061 3966 1224 4059 obscura
1240 3967 1353 4054 nobis
1377 3964 1543 4080 vestigia
1559 3955 1787 4166 Γυροετξιοιὲιτ

295 4267 310 4340 <
321 4269 360 4341 0)
384 4258 456 4330 Scio
481 4261 632 4354 equidem
654 4263 908 4336 &Tarraconem
934 4286 993 4331 no·
1050 4253 1373 4370 preficiusderncivis
1386 4252 1660 4340 Iulianussuiii'et,
1683 4271 1783 4346 quan

250 4351 344 4421 sirum
367 4352 445 4420 Ant.
473 4357 654 4441 Augustino
680 4363 828 4447 Togatam
847 4352 990 4422 dieram:
1050 4377 1077 4426 rs
1102 4351 1214 4425 vrbem
1236 4355 1275 4421 ne
1295 4348 1375 4421 vidit
1398 4348 1551 4440 quidem.

249 4444 296 4511 ira
319 4441 403 4512 enim
425 4443 585 4529 duplicem
603 4444 699 4517 T·T.
724 4470 822 4539 quam
848 4444 990 4515 nonnulli
1093 4449 1152 4534 (b)
1175 4442 1273 4514 Beer·
1293 4441 1441 4514 umbros.
1463 4440 1531 4512 iuss.
1554 4439 1585 4508 S·
1601 4438 1681 4512 Car.
1703 4438 1786 4512 Bor·

249 4531 386 4604 eiusdenr
410 4530 531 4604 nummi
554 4538 756 4621 praeferunt,
789 4535 988 4623 imcrpretari
1045 4560 1126 4607 rom.
1151 4535 1201 4604 ed·
1231 4536 1267 4604 δι
1290 4557 1360 4602 aon.
1383 4529 1605 4605 MDCXXV.
1641 4532 1786 4622 recogni-

242 4623 332 4713 poffe
351 4623 396 4692 ait
423 4625 486 4696 Vir
513 4626 685 4708 Summus,
714 4624 798 4719 quan
817 4629 987 4718 'legendum
1046 4648 1113 4697 turn
1145 4626 1200 4695 sub
1236 4623 1289 4693 die
1312 4624 1406 4694 XXI.
1425 4625 1497 4697 sun.
1528 4621 1620 4692 [esi.
1653 4623 1717 4691 111.
1743 4623 1785 4690 ad

247 4711 288 4784 sit
304 4722 419 4804 Togata
437 4724 566 4788 Tarraco
583 4717 699 4799 tnta.
725 4720 804 4790 VII.
816 4720 872 4788 sub
883 4718 991 4799 init->3
1048 4719 1167 4790 Maur.
1187 4739 1241 4804 ap.
1253 4719 1313 4787 PP·
1326 4715 1471 4786 Bolland.
1490 4721 1547 4788 IX·
1558 4722 1721 4794 lacerem·
1735 4721 1786 4789 V·

247 4805 302 4873 sed
330 4828 430 4897 neque
458 4805 523 4894 ipse
551 4806 626 4878 huic
654 4808 904 4895 interpretationi
936 4834 993 4878 ac·
1050 4836 1130 4887 num·
1155 4829 1210 4880 21·

247 4896 406 4988 quiescere
428 4897 573 4981 videtur,
591 4903 626 4969 δι
651 4923 710 4987 pro
739 4912 885 4990 Togata,
915 4909 995 4992 Tyr-
1031 4979 1042 4990 ,
1097 4908 1159 4982 (c)
1183 4896 1357 4990 Martyrol.
1382 4893 1517 4972 Roman.
1540 4922 1626 4987 parv·
1645 4895 1708 4968 lx.
1729 4895 1789 4967 12:

244 4995 391 5060 ehericum
414 4989 544 5057 sortassrr
575 4988 636 5078 legi
659 4992 774 5060 debere
802 4995 913 5061 eodem
942 4997 990 5061 lo·
1053 4991 1182 5065 nuarr'i.
1541 5064 1545 5069 ,

244 5078 428 5146 conserit.
463 5079 596 5150 lsrdorus
621 5085 707 5150 certe
741 5081 774 5148 in
804 5106 842 5151 eo
868 5084 993 5172 hymno
1099 5087 1174 5172 (d)
1198 5084 1274 5166 Vid·
1296 5081 1504 5155 Vaillantiurn
1533 5091 1611 5154 iim·
1635 5089 1661 5151 Ι.
1686 5082 1790 5154 Num

245 5167 373 5239 minime
390 5170 428 5238 ad
448 5171 657 5248 Tarraconem
676 5172 836 5262 respicere
861 5173 997 5261 potuit,
1055 5183 1130 5269 Imp·
1151 5187 1184 5256 in
1200 5185 1303 5252 Coloe·
1319 5173 1357 5251 (i
1373 5183 1528 5265 Municip·
1549 5183 1582 5249 irr
1604 5177 1715 5247 Claud·
