4184 5904
640 622 866 732 Martyrum
894 618 999 706 terelle·
1028 632 1248 701 remanente
1276 617 1367 701 uite‘

603 840 606 845 ¹
637 741 806 848 Centfflt
828 741 947 824 terris
971 732 1155 825 habitere
1184 726 1343 849 nestris.

286 971 329 1057 Si
355 973 454 1056 verb
486 968 639 1059 eosdem
669 964 961 1077 Casarauguilae
989 986 1103 1055 natos
1132 961 1247 1051 fuisse
1278 967 1459 1076 gratuito
1486 963 1726 1055 blanchinus
1752 963 1811 1055 as·

285 1087 414 1187 serat,
445 1089 628 1176 habemus
659 1092 869 1175 arietinum
896 1085 1129 1195 oraculum3
1159 1082 1270 1197 aqui:
1299 1085 1404 1173 enim
1429 1084 1602 1202 ipsorum
1627 1112 1671 1172 rc
1693 1104 1811 1172 cute·

288 1233 422 1291 rorum
449 1208 674 1317 Martyrum
702 1205 866 1318 patriam
895 1202 1131 1289 Prudentius
1160 1200 1272 1286 filet.

403 1327 498 1410 Hac
525 1347 658 1412 autem
688 1350 776 1407 cum
806 1324 860 1406 ita
888 1316 962 1404 sunt
992 1318 1185 1433 liquidum
1219 1323 1296 1402 iam
1324 1312 1393 1407 fiet
1421 1372 1436 1420 ,
1467 1317 1733 1408 Prudentium
1764 1319 1806 1407 in

286 1439 437 1550 hymno
479 1438 638 1553 dequo
669 1444 819 1554 agimus
843 1435 1013 1521 minime
1050 1437 1100 1522 ad
1130 1431 1367 1549 temporales
1395 1436 1627 1547 Martyrum
1659 1440 1803 1549 patrias

285 1554 523 1669 respexisse,
551 1552 617 1643 sed
651 1558 698 1643 ad
731 1554 816 1641 loca
839 1549 966 1637 solum
1004 1559 1043 1637 in
1072 1553 1211 1666 quibus
1240 1569 1340 1640 tunc
1372 1551 1483 1639 sacra
1513 1551 1685 1667 ipsorum
1714 1580 1808 1640 euu-

286 1678 358 1759 v'ia
376 1671 629 1762 colebantur.
664 1675 814 1760 Verium
848 1674 979 1781 inquit
1009 1690 1142 1757 tamen
1160 1668 1423 1756 blanchinus:
1456 1671 1497 1758 in
1520 1672 1676 1783 hymno
1695 1699 1809 1758 men-

278 1796 344 1875 'tio
371 1817 536 1905 quoque
561 1792 723 1878 Eulalia
741 1789 795 1875 est
825 1844 841 1892 ,
873 1793 983 1873 cuius
1006 1792 1157 1873 cineres
1185 1812 1307 1872 ovans
1335 1788 1508 1874 Emerita
1540 1815 1721 1876 cumsro
1751 1784 1812 1872 al·

289 1908 413 1994 latura
444 1907 621 2012 dicitur,
649 1904 912 2020 Complutum
942 1902 1081 1989 itidem
1107 1900 1199 1989 Iulli
1229 1905 1267 1986 &
1293 1904 1488 2006 Pastoris,
1519 1903 1693 1991 Tarraco
1708 1904 1810 1990 Fru-

284 2020 405 2110 ctuosi
444 2027 482 2108 &
516 2027 759 2112 Sociorum:
790 2048 887 2138 quos
917 2041 1047 2107 tamen
1078 2021 1125 2109 ii's
1152 2016 1241 2132 ipsis
1268 2018 1409 2135 quibus
1436 2019 1712 2111 attribuuntur
1741 2047 1813 2108 vr·

289 2140 401 2225 bibus
430 2143 574 2226 natales
606 2134 768 2229 haufille
800 2143 1010 2236 novimus3
1044 2157 1087 2224 vt
1117 2134 1286 2248 proinde
1316 2164 1400 2224 non
1424 2140 1622 2249 perpetui>
1651 2139 1812 2250 Marty-

288 2284 374 2340 rum
405 2257 548 2366 patrias
578 2256 819 2343 Prudentius
861 2255 900 2337 in
930 2283 979 2339 eo
1014 2256 1166 2365 hymno
1197 2249 1335 2339 srluille
1365 2250 1555 2341 dicendus
1585 2252 1663 2343 fit.
1695 2253 1810 2375 Qid
1852 2278 1856 2283 ·

286 2371 382 2457 veri>
414 2395 500 2458 tum
519 2374 680 2484 polica?
711 2371 813 2459 Casu
837 2373 876 2456 hi
896 2374 1095 2480 Martyres
1120 2377 1159 2456 in
1179 2368 1291 2479 ipsa,
1317 2396 1404 2485 qua
1429 2366 1587 2482 pridem
1610 2398 1676 2458 eos
1696 2401 1813 2457 mun·

284 2486 339 2571 do
371 2508 609 2602 pepererat,
638 2488 735 2575 vrbe
766 2488 818 2574 ad
852 2484 1027 2599 palmam
1067 2488 1233 2584 uocati,
1263 2487 1487 2599 ibidemque
1526 2485 1549 2570 ai
1574 2489 1809 2574 Christianis

287 2602 439 2689 tumulo
478 2606 684 2715 compositi
718 2598 857 2689 suere.
888 2607 1025 2720 Quare
1057 2599 1302 2688 Prudentius
1345 2602 1526 2715 passionis
1558 2607 1597 2687 &
1621 2603 1812 2716 reliquia-

285 2744 373 2800 rum
405 2725 446 2803 iu
479 2747 529 2806 eo
547 2723 698 2833 hymno
716 2716 825 2804 sedes
856 2744 1125 2819 enumerans,
1155 2747 1237 2805 non
1263 2726 1399 2831 potuit
1426 2719 1474 2805 ab
1501 2718 1638 2806 iisdem
1668 2722 1809 2805 horum

281 2834 506 2944 Martyrum
532 2844 675 2948 patrias
715 2833 921 2941 seiungere
946 2855 961 2932 3
995 2863 1066 2920 nec
1091 2864 1179 2921 cum
1208 2862 1307 2920 unus
1335 2831 1432 2923 esset
1460 2862 1599 2921 eorum
1640 2830 1807 2949 sepulcri

280 2951 319 3031 &
353 2956 572 3037 natiuitatis
598 2952 735 3049 locus,
766 2954 899 3057 priore
929 2954 970 3030 in
1004 2976 1085 3059 quo
1113 2951 1204 3061 palli
1233 2946 1391 3037 fuerant
1418 2952 1652 3065 defignat0,
1683 2956 1809 3068 polle·

282 3070 424 3153 tiorem
456 3064 645 3153 indislum
670 3064 900 3169 praeterire.
935 3064 1137 3174 Nusquam
1170 3085 1304 3151 tamen
1330 3074 1361 3152 is
1394 3073 1546 3153 Aunor
1567 3078 1712 3183 patrias
1737 3092 1809 3157 eo·-

197 3218 200 3223 ·
281 3206 365 3265 rum
397 3185 620 3289 Martyrum
652 3176 745 3261 datai
763 3174 885 3286 opert
905 3178 1132 3275 recensuit,
1160 3205 1204 3264 ac
1240 3182 1291 3265 nie
1316 3183 1366 3267 de
1394 3183 1484 3295 ipsrs
1505 3187 1699 3303 cogitavit
1717 3196 1809 3302 qui-

283 3296 405 3395 dem,
438 3318 483 3382 vt
510 3325 559 3380 ex
591 3294 729 3404 hymni
753 3312 992 3404 argumento
1015 3294 1173 3405 liquet.

396 3416 499 3496 Rem
529 3408 717 3520 satisper
743 3404 811 3504 se,
842 3429 886 3492 ut
909 3415 1089 3518 opinor,
1119 3404 1302 3495 illustrem
1333 3411 1434 3497 alter
1462 3413 1579 3529 ipsius
1606 3428 1805 3533 poematis

282 3536 428 3616 trasius
451 3526 759 3627 demonstrabit,
791 3529 829 3606 in
856 3551 936 3635 quo
962 3523 1232 3626 Prudentius,
1260 3521 1468 3615 licbtaliais
1500 3534 1797 3625 vincentium..

280 3646 463 3731 Leuitam
486 3643 776 3753 Casaraugullae
803 3659 940 3728 natum
967 3664 1084 3758 atque
1116 3642 1329 3730 educatum
1346 3646 1567 3736 crediderit
1598 3652 1675 3768 (id
1693 3654 1802 3765 quod

281 3762 378 3848 milri
401 3790 449 3847 ex
479 3762 661 3878 vigesuua
691 3761 803 3848 sexta·
833 3759 1081 3876 &sequenti
1113 3758 1272 3873 ilrophe
1303 3756 1374 3877 (a)
1407 3763 1508 3875 pers
1528 3771 1659 3856 icuum
1690 3770 1807 3889 fit);

240 3948 244 3957 .
283 3875 542 3965 nihilominus
560 3901 721 3978 tamen,
745 3874 856 3990 quod
883 3878 994 3963 exteri
1023 3884 1226 3993 patriam,
1258 3877 1456 3968 Valentia
1485 3793 1632 3974 {dilicet
1671 3888 1812 3975 nostrae

281 4002 325 4083 in
355 3993 574 4097 Edetania,
604 3988 729 4109 pallus
764 4019 809 4077 ac
837 3990 993 4079 tornulo
1026 3992 1259 4103 compostus
1284 3991 1451 4099 fuisset,
1484 4030 1564 4086 non
1589 4003 1708 4097 audet
1737 4010 1805 4120 ip·

281 4114 363 4199 sunt
380 4118 427 4198 iis
455 4113 728 4225 Martyribus,
756 4136 853 4224 quos
869 4107 987 4221 pleno
1017 4118 1099 4197 iure
1123 4101 1480 4217 Caesaraugullanos
1509 4118 1711 4229 appellat,
1743 4130 1806 4209 in-

282 4226 437 4341 serere3
469 4226 535 4314 sed
559 4230 698 4342 partim
717 4246 893 4318 moratus
911 4225 1172 4344 temporalem
1189 4225 1418 4315 Sanslislimi
1435 4226 1583 4319 Levita
1617 4246 1805 4348 patriam,

1106 4347 1353 4459 oe.
1548 4488 1591 4511 ..
1756 4362 1806 4445 aa

322 4571 380 4655 (a)
401 4566 560 4640 Consonat
583 4562 750 4637 Prudentio
774 4566 933 4657 Eugenius
956 4569 1011 4638 Iu·
1069 4565 1201 4639 Basilice
1212 4565 1478 4659 Caesaraugustam
1496 4570 1527 4642 S.
1545 4573 1708 4649 vincentii
1719 4574 1806 4647 Mar-

278 4661 347 4733 nior
369 4660 473 4749 Episc-
492 4658 659 4728 Toletanus
676 4656 708 4726 in
724 4658 914 4749 Epigramm.
940 4663 1009 4732 dea
1068 4663 1145 4751 tyris
1156 4710 1169 4746 ,
1194 4661 1248 4731 sub
1271 4663 1356 4735 cuius
1379 4661 1518 4735 medium
1532 4667 1665 4759 legitur:

551 4758 642 4843 Pufflt
666 4758 760 4823 Socra
779 4774 864 4822 tuum
880 4762 1023 4840 prouexit
1043 4760 1084 4821 ad
1106 4760 1221 4825 ethera
1244 4781 1366 4827 nomeu.

635 4840 796 4930 Conseruere
823 4846 974 4929 populum
989 4852 1081 4933 pofflo
1101 4852 1216 4933 fieret,
1235 4864 1347 4915 tuum.

277 4935 470 5007 indicaverat
491 4934 612 5023 pridem
635 4932 722 5001 nobis
744 4934 826 5003 hunc
847 4937 949 5003 locum
973 4958 1013 5005 cx
1073 4936 1162 5020 (ius,
1176 4939 1251 5007 dum
1270 4937 1481 5009 meditationes
1493 4941 1545 5013 has
1559 4942 1591 5012 in
1607 4939 1803 5014 Adversariir

275 5024 441 5098 Sirmondo
462 5028 517 5098 Cl·
530 5025 621 5097 Ciris
640 5028 674 5092 dt
692 5025 809 5094 amicus
825 5026 924 5095 noster
939 5024 1012 5094 Do-
1070 5030 1177 5097 nollris
1202 5032 1318 5119 legeret
1342 5076 1351 5095 ·
1377 5033 1517 5101 Habetur
1538 5056 1641 5107 tamen
1663 5043 1697 5107 dt
1718 5038 1801 5120 apud

276 5115 407 5186 minicus
428 5120 580 5207 imperius
603 5116 732 5184 Barrera
758 5117 931 5203 Hispanica
946 5117 1011 5183 iu„
1068 5118 1211 5192 Leslcum
1230 5123 1263 5195 in
1281 5139 1346 5195 not·
1359 5120 1443 5195 Mitt.
1457 5124 1616 5200 Mozarab.
1631 5138 1708 5223 Peg.
1725 5146 1798 5211 561·

271 5208 362 5281 Vrbe
398 5208 574 5307 legationis
608 5207 876 5300 chartophylacio
898 5210 1011 5289 l’rat'e-
1067 5218 1133 5289 Gal·
1153 5237 1190 5309 d:
