4184 5904
252 596 316 697 Egi
345 622 417 697 ego
446 603 626 701 quidem,
653 603 803 700 quando
831 601 879 676 ita
902 601 1042 703 placuit
1070 600 1381 678 Reverendissimo
1408 602 1505 675 Patri
1539 603 1705 703 Iosephe-

278 703 481 799 Augustino
507 702 611 779 Orico
631 704 728 777 Sacri
754 706 883 777 Palatii
910 705 1115 803 Apostolici
1138 706 1341 801 Magistro,
1361 705 1403 779 8(
1434 705 1489 777 vti
1520 728 1575 777 me
1602 730 1711 797 cumx

173 824 242 887 ea,
268 829 345 900 qua
374 823 527 890 teneor,
548 807 727 881 commisit
744 805 914 880 muneris
941 807 1091 904 relligio
1111 808 1362 892 admonebat,
1381 822 1464 879 tum
1489 806 1530 880 78ι
1557 829 1693 895 rerum,

175 904 221 976 de
250 906 384 1003 quibus
412 908 591 1002 agebatur
607 958 626 993 -,
644 907 867 1005 conspeiius
888 908 1048 985 mirifice
1081 910 1288 984 detestabat
1314 960 1325 996 ,
1351 905 1459 978 semes
1479 922 1596 1003 atque
1625 907 1697 994 ite-‚

175 1027 260 1080 rum
286 1008 466 1083 versando
483 1008 676 1106 expendi,
703 1010 975 1105 observavique
1003 1013 1135 1085 librum
1150 1065 1161 1099 ,
1177 1012 1291 1087 -cuius
1323 1031 1406 1082 ecce
1424 1007 1584 1080 titulus:
1614 1012 1693 1086 Da.

174 1106 315 1206 musns,
336 1110 387 1192 ¹&
416 1111 640 1185 Laurentius
657 1110 837 1215 Hipponis
857 1106 1013 1215 afflati,
1038 1113 1086 1196 ὁ*
1111 1115 1298 1190 vindicati
1323 1109 1479 1191 Auctore
1498 1102 1693 1209 francisce

172 1209 337 1285 6Ferentio
357 1213 497 1286 Suniiae
510 1212 778 1313 Barcinonensts
793 1214 944 1314 Eccsefiae
969 1216 1150 1291 Canonicu
1163 1265 1175 1302 ,
1189 1216 1228 1288 in
1253 1215 1293 1292 V
1289 1210 1497 1309 niverfitute
1523 1210 1695 1287 balnean-

173 1309 296 1408 ticenfi
319 1311 400 1387 olim
416 1311 516 1409 sace.
545 1310 749 1409 linguarum
773 1310 970 1419 Profeffore
994 1369 1005 1389 .
1032 1319 1088 1391 Ac
1114 1315 1138 1389 st
1161 1366 1172 1402 ,
1198 1315 1301 1412 quod
1330 1311 1379 1384 ait
1419 1312 1454 1383 S.
1485 1312 1692 1405 Gregorius

173 1410 426 1485 Nazianzenus
451 1414 497 1485 ad
515 1412 762 1510 sophronium
787 1414 971 1491 scribens:
994 1421 1113 1509 'bonifa
1132 1419 1224 1508 uenia
1244 1423 1296 1499 ot
1313 1413 1424 1495 ubine,
1440 1421 1537 1503 *sesan
1557 1418 1602 1488 tsi
1615 1416 1695 1491 rint

172 1524 282 1589 πάντων
307 1516 435 1601 nanis,
454 1517 520 1615 pin
536 1513 707 1610 scilicet,
732 1540 776 1590 nc
791 1516 919 1617 senfin
943 1544 1001 1594 res
1028 1519 1077 1621 est
1104 1533 1248 1591 matrem
1274 1515 1406 1588 sonore
1433 1511 1571 1608 afficere
1586 1563 1597 1597 t
1613 1536 1693 1585 ‘Om-

172 1614 273 1686 niurn
302 1632 424 1689 autem
440 1618 636 1721 eommunis
663 1631 780 1691 mater
804 1615 852 1713 est
875 1618 1010 1696 Patrio
1041 1612 1233 1693 :laudium
1251 1610 1436 1696 omnino,
1463 1613 1499 1685 dc
1531 1610 1693 1706 ingenuo

171 1710 263 1784 Viro
292 1713 439 1807 dignum
469 1710 569 1789 ¹illud
596 1715 707 1791 video
740 1716 842 1793 fuiffe
879 1719 1100 1803 confilium,
1128 1740 1205 1813 quo
1238 1734 1368 1789 motus
1393 1710 1694 1809 preclarissimus

172 1809 315 1889 Auctor
337 1813 386 1885 ad
415 1815 621 1914 hujusmodi
649 1817 891 1893 vindiciarum
919 1843 1035 1916 genus
1060 1815 1340 1901 adornandum,
1358 1814 1551 1896 animum,
1571 1812 1696 1916 'vires-

172 1934 245 2009 que
274 1915 431 1992 adiecit.
458 1921 542 1994 Duo
569 1919 654 2006 ista,
678 1920 718 1995 '8c
742 1919 816 2019 ipsa
835 1921 991 2018 quidem
1020 1920 1204 2005 maxima,
1232 1914 1396 1992 Ecclesiae
1411 1912 1611 1987 Gathoiicu
1641 1915 1696 1988 su·

170 2014 268 2088 mina
297 2016 395 2090 ielici
422 2021 580 2117 quodam
612 2040 686 2096 tum
706 2038 873 2109 natura,
898 2041 978 2096 tum
1005 2023 1131 2117 gratiae
1148 2017 1302 2095 coelestis
1328 2015 1526 2114 prodigio,
1544 2014 1696 2111 priscis,

173 2132 216 2187 vt
244 2118 418 2192 novimus
435 2171 447 2206 ,
464 2146 516 2196 ac
542 2122 623 2193 sane
651 2120 876 2196 difficillimis
908 2125 1111 2221 Religionis
1138 2120 1349 2195 Christiano
1379 2117 1611 2217 temporibus
1639 2144 1693 2188 ω

171 2218 247 2292 sinu
276 2219 340 2295 suo
368 2240 579 2318 opportune
604 2222 753 2295 edidisse
772 2222 1018 2322 Hispaniam,
1045 2220 1288 2321 vulgatissima
1312 2236 1401 2293 erat
1426 2245 1500 2294 non
1522 2214 1693 2292 domesti-

169 2343 299 2394 corum
331 2320 481 2410 modi),
518 2321 579 2395 sed
608 2326 643 2397 8(
663 2341 884 2398 exterorum
907 2326 1088 2400 ‘sententia
1119 2349 1165 2401 ex
1192 2325 1343 2422 antiqua
1372 2313 1550 2419 majorum
1568 2319 1695 2391 tradi-

169 2423 293 2507 tione,
321 2439 565 2522 veterumque
589 2424 817 2521 Scriptorum
840 2431 1088 2502 monumentis
1118 2425 1350 2525 posterorum
1377 2423 1563 2498 memoriae
1591 2445 1694 2495 com·

170 2524 364 2600 mendata.
392 2527 504 2599 Nova
532 2525 789 2625 postmodum,
816 2551 898 2625 quae
925 2533 992 2605 hac
1017 2548 1122 2603 atate
1152 2526 1275 2600 nostra
1303 2524 1514 2623 percrebuit
1534 2523 1571 2591 in
1599 2522 1691 2594 orbe

168 2625 339 2697 literario
367 2628 522 2717 opinio,
550 2646 624 2699 tam
656 2627 808 2711 multis,
837 2653 903 2701 uec
931 2648 1035 2701 antea
1056 2649 1225 2723 'unquam
1253 2644 1381 2724 aperte
1413 2623 1570 2717 cognitis
1592 2639 1695 2719 'prn-

169 2720 293 2806 srdiis‚
321 2723 483 2819 vndique
512 2724 732 2798 communiri
762 2777 773 2811 ‚
798 2742 976 2825 tantoque
998 2727 1156 2827 proinde
1176 2750 1267 2800 'cum
1295 2726 1530 2800 Eruditorum
1568 2723 1692 2820 plausu

169 2821 293 2919 excipi
321 2823 396 2895 visa
417 2823 503 2907 est,
530 2842 574 2895 vt
597 2823 733 2894 Natase
763 2825 884 2896 solum
906 2830 1042 2923 ,quod
1067 2831 1174 2922 prius
1199 2825 1388 2899 baefitante
1408 2824 1490 2898 fere
1516 2824 1694 2919 neiriine.»

88 3006 91 3011 ,
167 2923 263 2996 inter
288 2924 606 2998 Occidunlberiae
637 2922 728 2997 fines
759 2925 906 2999 duobus
935 2927 1029 3002 hisce
1046 2927 1144 3003 Viris
1170 2924 1390 3011 faustissimis
1419 2925 1585 3021 obtigisse
1604 2947 1693 2995 ere·

167 3023 326 3099 debatur
352 3080 364 3114 ,
386 3022 539 3100 mutatis
561 3026 708 3099 sedibus
739 3024 774 3098 in
804 3027 907 3101 Italia
927 3028 1083 3103 demum
1111 3048 1258 3126 ,atque
1279 3029 1381 3101 'inter
1406 3030 1489 3102 'haec
1509 3024 1589 3124 ipsa
1617 3028 1692 3097 Ro·

168 3150 283 3200 manae
311 3129 415 3201 vrbis
443 3127 750 3213 moenia,·eorum
778 3123 945 3227 plerique
975 3127 1039 3226 figi
1075 3132 1251 3229 oportere
1285 3131 1572 3205 contenderent.
1602 3127 1691 3200 Tam
1748 3208 1761 3229 ‚
1875 3184 1885 3201 c

169 3227 284 3301 subita
310 3229 515 3305 vicissitudo
538 3247 773 3327 temporum,
799 3233 1120 3329 humanorumque
1148 3232 1367 3307 iudiciorum
1390 3229 1547 3305 mutatio
1562 3226 1692 3325 Hispa-

169 3353 220 3403 no
250 3329 401 3405 Nomini
428 3333 537 3405 avita
565 3331 709 3429 pietatis
734 3334 1001 3423 amantissimo,
1025 3333 1152 3409 ‘nescio
1182 3335 1286 3408 cuius
1311 3335 1482 3433 'portenti
1510 3331 1595 3404 loco
1618 3331 1690 3401 ‘ha-

169 3429 250 3503 beri
278 3455 367 3506 mox
393 3447 579 3531 coeperat3
600 3449 717 3529 atque
748 3434 800 3504 vti
829 3457 871 3504 ea
900 3437 999 3509 Gens
1029 3435 1079 3508 est
1110 3437 1258 3508 Patrum
1276 3436 1432 3509 suorum
1457 3433 1591 3530 gloria
1619 3427 1689 3503 stu·

170 3528 363 3606 diosffima
385 3532 669 3619 conservatrix,
696 3528 731 3606 8<
762 3531 908 3620 custos,
936 3559 1104 3630 magnam
1127 3537 1295 3633 ‘propriae
1324 3535 1442 3607 laudis
1482 3530 1690 3604 iacturam..

169 3633 445 3722 arbitrabatur,
472 3634 496 3707 ir
521 3655 568 3706 ex
593 3649 670 3707 tota
684 3632 855 3720 Damas,
882 3641 918 3712 8<
947 3636 1133 3709 Laurentii
1160 3635 1269 3722 vita,
1297 3659 1341 3708 ne
1368 3635 1515 3733 ‘primos
1540 3629 1689 3728 quidem

168 3736 376 3810 tenerrimae
412 3734 571 3808 infantia
604 3736 771 3810 flosculos
797 3752 973 3835 tanquam
1000 3737 1136 3838 patria
1164 3753 1275 3809 terrae
1303 3757 1431 3833 partus
1466 3732 1584 3807 eidem
1624 3732 1688 3827 ipsi

168 3836 229 3934 pie
259 3838 403 3924 colere,
429 3840 465 3914 8<
492 3836 670 3910 ostentare
696 3838 842 3935 impune
865 3841 1016 3928 liceret,
1044 3840 1130 3914 dum
1147 3838 1271 3911 omnia
1303 3837 1338 3910 in
1362 3860 1471 3914 vnum
1490 3835 1603 3911 veluti
1633 3830 1687 3905 ia-

169 3937 264 4011 scem
294 3939 452 4014 collecta
474 3938 555 4013 ‹sola
578 3939 644 4013 'sibi
660 3942 774 4014 Roma
799 3940 1006 4016 tribueret.
1031 3940 1136 4045 Qid
1165 3939 1289 4034 itaque
1315 3938 1453 4013 confisis
1476 3940 1511 4012 in
1539 3938 1611 4009 hoc
1636 3958 1691 4006 re-

168 4063 252 4112 rum
280 4039 482 4115 discrimine
512 4058 662 4141 caperet
691 4040 860 4114 Perezius
890 4095 900 4128 ,
929 4042 1019 4127 cui,
1047 4060 1091 4115 vt
1124 4042 1250 4114 verbis
1282 4040 1438 4113 eiusdem
1466 4038 1687 4112 Nazianzeni

167 4158 280 4227 Vtar,
304 4136 335 4216 'd
359 4149 436 4228 φίλον
455 4144 564 4233 dictust
588 4151 606 4223 ti
631 4146 734 4228 nattis
760 4194 770 4228 ‚
795 4151 812 4220 ti
837 4143 889 4236 uir
914 4145 1030 4240 ispoirt,
1057 4149 1101 4228 o}
1127 4143 1213 4220 aden
1236 4139 1284 4221 t'ti
1309 4145 1436 4232 t’vct'dua
1462 4144 1600 4235 >iniquos
1627 4164 1688 4213 ca-

168 4241 332 4339 riffimum
349 4241 463 4339 solum
489 4248 648 4328 Putria,
673 4242 720 4322 (θ’
743 4243 807 4318 issu
836 4246 984 4342 quidem
1002 4243 1144 4341 sacra,
1170 4245 1218 4325 &¹
1246 4244 1343 4346 apud
1369 4266 1481 4317 omnes
1514 4247 1687 4341 pietate,
1702 4320 1718 4339 „

169 4341 296 4430 clara,
322 4344 369 4424 (θ’
393 4341 566 4442 illustris,
593 4342 655 4416 nisi
679 4341 775 4417 forte
803 4344 1023 4445 hocſjipsum
1051 4397 1062 4432 ,
1087 4370 1164 4443 quo
1187 4346 1337 4442 ingrata
1358 4343 1484 4427 adeo,
1507 4342 1543 4415 8(
1575 4339 1686 4412 invisa

167 4443 338 4520 Nationis
363 4445 497 4519 damna
516 4466 691 4544 reparare
717 4446 909 4522 decrevit?
937 4446 1129 4544 Postquam
1156 4471 1203 4520 ex
1231 4443 1543 4546 prudentioribus
1576 4441 1685 4514 Italia

169 4546 352 4634 vrbibus,
380 4546 578 4647 praesertim
608 4571 702 4621 vero
729 4573 782 4624 'ex
808 4551 877 4623 hac
903 4551 1065 4625 omnium
1098 4549 1263 4648 principe
1290 4540 1438 4630 ¹Roma,
1459 4558 1523 4616 'tot
1554 4545 1587 4615 in
1615 4565 1687 4618 ea..

170 4648 380 4744 conquisitis
405 4699 416 4732 ,
441 4649 477 4721 ‘8c
508 4646 730 4745 perlustratis
771 4651 1032 4727 reconditioris
1073 4650 1302 4747 antiquitatis
1343 4648 1497 4721 cimeliis
1539 4644 1692 4717 vberiu-

170 4769 249 4820 rem
278 4749 340 4822 fibi
369 4746 570 4821 selestioris
597 4748 813 4826 eruditionis
843 4753 986 4853 copiam
1012 4753 1264 4847 congesserat,
1295 4774 1455 4844 magno,
1478 4772 1557 4842 'quo
1585 4760 1687 4832 erat,

167 4848 236 4919 Vir
264 4852 463 4945 egregius,
490 4850 619 4925 mentis
644 4849 810 4940 robore,
838 4856 875 4927 8<
904 4852 1043 4950 ‘ingenii
1071 4853 1240 4926 acumine
1266 4852 1466 4951 praeditis,
1494 4854 1592 4920 sacra
1621 4846 1686 4917 de-

108 5034 113 5043 ·
168 4946 252 5021 inde
283 4946 524 5048 profanaque*
542 4944 758 5047 latinarum,
782 4978 986 5050 graecarum
1010 5008 1020 5039 ,
1043 4955 1374 5050 hebraicarumque
1406 4972 1529 5022 rerum
1558 4947 1686 5047 peritia

164 5054 367 5144 excellens,
397 5048 584 5152 atqubiis‘
595 5053 742 5131 demum
758 5057 873 5147 artis,
888 5060 925 5136 8(
948 5054 1125 5133 doctrina
1149 5054 1309 5133 subsidiis
1323 5110 1335 5150 ,
1350 5076 1431 5153 qua
1459 5053 1505 5125 ad
1520 5066 1686 5165 optatum

489 5188 493 5195 ·
1608 5173 1692 5223 vtu-
