4184 5904
239 280 519 423 ·d10

258 1432 264 1437 .
353 1439 372 1463 s
444 1349 563 1440 diue.

511 525 714 629 :Veriuu
745 528 825 615 hare
852 537 898 617 rt
924 543 972 616 rt
999 523 1121 614 allate
1145 527 1169 615 i
1189 521 1386 614 Merenda
1411 527 1654 616 auctoritatis
1680 531 1760 614 vim
1785 526 1953 621 eludere

435 641 595 733 tinterea
618 633 724 757 posse
752 645 989 737 uideantur:
1019 646 1068 729 iis
1093 662 1222 734 tamen
1257 667 1344 756 quae
1374 642 1557 753 proximi:
1587 647 1764 730 insidiis
1790 649 1955 759 preces·

369 806 375 816 ·
408 756 412 763 ’
446 759 572 848 serant
596 759 762 846 minime
786 757 1036 847 accomodari
1071 760 1242 849 valent·
1273 763 1419 870 Neque
1446 752 1537 845 satis
1568 763 1700 846 mirari
1736 759 1957 871 possunb,

388 962 393 969 .
445 906 532 970 cum
571 897 745 980 extrema
780 881 970 963 Asturum
1015 875 1135 964 verba
1165 872 1234 962 srbi
1261 870 1457 960 Merenda
1485 875 1709 975 obiecerit,
1737 880 1778 962 in
1815 881 1961 989 quibus

444 994 635 1105 Damasus
656 995 947 1081 &Laurentius
968 994 1049 1082 ond
1060 997 1194 1106 geniti
1210 990 1588 1108 patriddicuntur‚
1620 1013 1693 1077 cur
1718 990 1769 1078 de
1800 996 1848 1079 iis
1873 1021 1960 1106 quae

445 1113 582 1230 paullo
607 1111 701 1197 ante
730 1114 771 1196 in
801 1108 949 1197 eisdem
968 1112 1078 1196 Astis
1102 1109 1328 1225 leguntur,
1356 1106 1549 1223 queisque
1565 1104 1751 1196 Damasus
1778 1107 1959 1200 disertis·

445 1231 541 1319 fime
567 1223 762 1341 Hispanus
793 1224 989 1330 dicitur,
1024 1223 1148 1317 altum
1180 1233 1339 1318 interea
1371 1222 1507 1318 suone
1536 1225 1648 1316 Rem
1672 1227 1840 1314 narrabo
1882 1254 1957 1334 nr·⁴

559 1457 809 1575 Exposuerat
838 1464 1030 1550 Aliorum
1068 1462 1255 1579 Scriptor
1275 1469 1470 1579 precipua
1496 1458 1657 1549 Damasi
1687 1459 1838 1570 gesta,
1879 1463 1960 1549 ho·

365 1578 368 1585 ’
444 1609 609 1697 rumque
640 1575 838 1666 occasione
852 1583 1096 1667 mentionem
1113 1584 1317 1669 Laurentii
1335 1585 1552 1680 iniecerat,
1582 1605 1673 1667 eum
1689 1575 1854 1666 subinde
1869 1577 1960 1667 Da-

442 1699 536 1793 masr
560 1700 856 1809 Compotrr'atam
879 1695 1077 1809 appellans
1091 1700 1178 1811 (a).
1211 1701 1312 1784 Mox
1338 1698 1409 1783 sub
1435 1698 1631 1783 Asturum
1661 1697 1783 1781 finem
1812 1721 1955 1781 reeen-

281 1846 292 1856 ’
358 1850 364 1863 a
444 1824 550 1905 tiore
577 1809 738 1898 fortassis
761 1841 896 1901 *manu-
925 1863 947 1912 2.
979 1808 1068 1898 stilo
1090 1809 1225 1898 saltem
1254 1810 1435 1897 nonnihil
1466 1819 1646 1896 variante
1675 1812 1811 1897 denuo
1841 1811 1958 1897 vide·

365 2008 368 2018 .
443 1953 512 2022 tur
531 1927 705 2043 ipsorum
723 1929 876 2018 Auctor
890 1926 1099 2032 exordiri,
1130 1926 1323 2015 subdens:
1348 1929 1445 2018 Fuit
1465 1947 1596 2036 autem
1608 1929 1745 2014 Beatus
1763 1925 1957 2043 Damasus
2026 1980 2029 1987 ·

442 2057 598 2140 notione
613 2041 910 2169 Hiſjrenas(b)·.
943 2043 1150 2129 Postremo
1174 2043 1351 2159 denique
1375 2049 1557 2130 omnium
1581 2038 1673 2126 loro
1691 2039 1952 2133 Laurentium

373 2179 376 2188 ’
443 2161 735 2270 Damasumque
761 2164 841 2250 ona‘
853 2164 1010 2278 genitos·
1030 2165 1085 2246 ait
1103 2159 1360 2280 potrid(c)f
1384 2161 1482 2248 Tria
1497 2154 1957 2273 hecprofedisdiversa·¹

440 2296 521 2394 que
547 2299 740 2371 coniurata
768 2309 856 2385 cum
883 2276 986 2376 fint,
1016 2295 1171 2362 ternum
1187 2278 1342 2365 tantum
1360 2277 1561 2366 Merenda
1585 2275 1746 2362 uidetur
1769 2275 1954 2361 animad-

445 2389 629 2508 vertiffe3
660 2391 794 2487 saltem
818 2421 939 2483 vnum
962 2388 1063 2477 iilud
1082 2389 1151 2477 fibi
1179 2393 1318 2480 obiicit
1349 2395 1449 2480 binis
1474 2392 1699 2508 prioribus,
1728 2420 1810 2504 quar
1841 2392 1955 2488 certe

442 2513 600 2598 maioris
618 2510 706 2599 sunt
728 2512 910 2610 roboris,
926 2514 1093 2595 omnino
1106 2506 1340 2598 insalutatis.
1365 2513 1494 2623 Atqui
1512 2536 1594 2595 non
1610 2510 1691 2596 uua*
1706 2511 1859 2594 tautum
1881 2539 1958 2625 ge-

441 2633 524 2715 niti
555 2631 703 2738 porris
727 2626 920 2715 dicuntur
944 2625 987 2708 iu
1017 2626 1128 2708 nors
1157 2625 1343 2708 Damasus
1368 2630 1407 2707 &
1434 2631 1668 2708 Laurentius
1691 2646 1714 2721 3.
1747 2620 1815 2706 sed
1840 2636 1957 2734 prior

438 2742 508 2827 iile
533 2740 786 2831 disertiffime·
811 2740 1020 2858 Hispanus·
1042 2738 1291 2853 appellatur.
1320 2738 1393 2822 An·
1416 2733 1562 2824 verosi
1590 2755 1806 2848 utrumque·
1831 2766 1956 2847 expe·

440 2853 529 2941 dire
558 2854 786 2938 Romanum
808 2854 1004 2933 Merenda
1028 2852 1206 2942 dixerit,
1234 2852 1428 2933 Adiorum
1455 2849 1502 2937 ed
1520 2849 1674 2936 ratione
1693 2853 1825 2937 verbis·
1847 2877 1948 2965 quo·

436 2965 660 3084 quomodo
680 2961 918 3050 satisfatium
934 2975 1046 3072 putet
1065 2957 1080 3038 i
1111 2965 1205 3047 Haec
1220 2988 1289 3047 nos
1308 2982 1436 3050 tamen
1452 3018 1466 3067 ,
1482 2961 1592 3080 qudd
1617 2965 1756 3055 denuo
1776 2960 1845 3054 sub
1860 2995 1952 3055 exa·

439 3111 533 3173 rnen
566 3076 785 3167 revocanda
809 3077 899 3165 sunt
926 3103 1012 3164 cum
1037 3072 1089 3164 de
1115 3079 1320 3164 Laurentii
1349 3081 1479 3194 patrii
1503 3077 1638 3170 sermo·
1659 3084 1770 3188 erit,
1801 3076 1947 3175 missua

441 3207 591 3291 interea
623 3193 824 3298 facimus,
849 3199 1123 3310 veterumque
1145 3222 1223 3310 pro
1252 3197 1379 3289 nostra
1414 3196 1614 3290 sententia
1639 3201 1860 3290 testimonia
1889 3202 1952 3290 le·

438 3319 623 3433 gentibus
646 3315 900 3404 exhibemus,

560 3433 739 3522 Primum
766 3453 903 3523 autem
936 3433 1115 3519 omnium
1141 3431 1381 3551 Catalogum
1413 3434 1674 3524 Summorum
1703 3435 1949 3526 Pontificum

441 3549 511 3640 sub
541 3549 675 3639 Felice·
693 3553 773 3636 lv,
797 3544 1090 3659 conscriptum,
1119 3576 1269 3639 annum
1301 3545 1469 3637 circit'dr’
1490 3551 1645 3639 Christi
1670 3553 1842 3641 Dxxx.
1869 3582 1948 3641 cu·

440 3677 501 3758 ius
520 3671 770 3767 Auctorem,
789 3652 885 3748 licet
903 3668 1196 3769 Anonymum,
1224 3664 1569 3777 Chartophyl'acio
1594 3682 1723 3750 tamen
1736 3668 1947 3776 Apostoli·

439 3816 489 3875 co
520 3782 765 3894 prepofimm
796 3772 933 3875 fuisse,
963 3773 1095 3862 saltem
1133 3773 1277 3864 eodem
1316 3777 1424 3868 usum
1455 3778 1506 3866 ad
1542 3776 1759 3866 texendam
1789 3782 1948 3873 Roma·

440 3926 584 3989 norum
615 3892 855 3979 Pontificum
884 3913 1090 4005 rerumque
1120 3891 1168 3979 ab
1194 3892 1290 4010 ipsrs
1310 3895 1501 4012 gestarum
1526 3895 1705 3999 seriem,
1737 3924 1863 4012 exque
1896 3898 1949 3988 ed

440 4041 546 4128 penu
569 4011 710 4097 srncera
737 4017 777 4094 dc
801 4009 964 4097 minime
994 4029 1179 4123 corrupta
1200 4033 1454 4102 monumenta
1485 4030 1743 4114 mutuatum,
1773 4011 1941 4109 inferius

440 4127 708 4219 ostendemus.
730 4128 769 4210 Is
783 4148 912 4214 autem
931 4128 1148 4237 Caralogus
1162 4127 1377 4217 secundtim
1404 4129 1623 4219 editionem
1637 4132 1800 4217 Patrum
1814 4129 1945 4218 Hens-

1842 4251 1941 4335 che·

482 4450 532 4538 (a)
567 4448 709 4538 Quodam
733 4466 859 4534 raroque
879 4462 1008 4537 ternpore
1029 4472 1091 4520 eum
1114 4453 1163 4519 do'-
1265 4451 1324 4540 (b)
1349 4453 1384 4523 sa
1403 4455 1511 4542 eisdem
1531 4453 1617 4525 Auis
1636 4471 1685 4538 ap.
1711 4448 1849 4521 Sarazan·
1864 4457 1944 4540 rag.

436 4561 575 4617 tutorem
598 4541 789 4631 Eeelessoraor
811 4542 1019 4621 restaurationi
1044 4545 1080 4607 B.
1094 4545 1161 4608 Da·
1219 4557 1275 4608 60.

435 4635 531 4719 nufias
551 4651 665 4720 operam
687 4636 774 4702 darer
791 4632 908 4700 barrum
930 4636 1085 4720 quemdum
1108 4655 1158 4699 :::
1265 4631 1310 4715 (a)
1334 4638 1413 4705 Haec
1434 4654 1536 4707 auam
1555 4640 1699 4705 miraculo
1721 4640 1779 4704 alti
1802 4638 1838 4704 Β.
1859 4637 1946 4702 Lea.

436 4727 477 4795 ab
497 4728 676 4810 Imperatore
708 4727 926 4795 Valentiniano
958 4728 1077 4792 laniare
1102 4725 1161 4811 fibi
1219 4733 1315 4795 reneio
1331 4732 1492 4817 Marmei,
1516 4733 1574 4795 olii
1595 4731 1631 4790 B.
1643 4729 1774 4812 Damaso
1796 4731 1941 4816 departure

395 4869 401 4879 ,
436 4818 506 4884 dori
523 4816 655 4901 poposcit
669 4811 699 4878 io
711 4833 775 4900 quo
785 4809 992 4896 compatriote
1014 4811 1058 4880 sui
1071 4810 1161 4880 Beati
1221 4818 1403 4902 Confeffori:
1424 4841 1471 4886 ror
1486 4837 1582 4886 romeu
1604 4821 1636 4882 ie
1655 4822 1804 4887 miraculis
1818 4842 1873 4888 eon
1893 4819 1942 4885 ei„-

435 4898 604 4989 Laurentii
626 4902 779 4992 Martyris
792 4898 963 4971 Ecclesiam
987 4902 1161 4971 fabricaret·
1219 4913 1341 4975 uidimus
1364 4929 1440 4995 quos
1460 4929 1519 4974 una
1540 4902 1646 4994 genuit
1661 4904 1779 4989 patria,
1802 4923 1942 4993 anapra-

434 4995 513 5062 Atio
536 4998 658 5080 Domoss
678 5019 718 5064 err
742 4998 816 5064 Col·
842 5001 915 5068 MS·
940 5000 1081 5067 Archiuir'
1100 5004 1162 5066 Ca·
1217 5005 1309 5068 movit
1334 5002 1482 5084 Ecclesia·
1506 5000 1545 5067 In
1565 4992 1680 5067 eisdem
1696 4993 1794 5082 Astis
1813 5024 1865 5090 ap.
1886 4994 1943 5062 Se.

432 5089 565 5155 aenieor·
584 5091 618 5160 S·
638 5083 999 5171 Parnm-Sermousa
1015 5093 1161 5175 Paper·
1217 5107 1317 5158 taran·
1341 5092 1420 5176 Pog-
1437 5102 1492 5177 σι.Δ
