4184 5904
1576 363 1685 480 ιο]

174 572 312 691 duplex
341 561 431 650 Tibi
456 552 635 643 conferre
665 548 873 651 volumus,
902 543 1068 635 mirificis
1099 545 1235 636 iisdem
1263 562 1579 746 congruentem,
1611 551 1688 633 im-

176 717 242 774 mo
273 681 441 771 eandem
466 669 541 762 elle
565 676 885 785 comperiemus.
915 671 1012 751 Non
1042 663 1147 751 dixit
1174 688 1306 754 autem
1370 661 1581 751 rudentius
1608 669 1688 756 du-

167 807 265 924 plex
284 806 453 916 patria,
473 798 565 908 quia
582 786 835 902 posseriorem
864 812 1001 873 vocent
1018 840 1034 887 ,
1052 785 1098 874 ed
1116 781 1325 896 pracsertim
1343 773 1433 869 sede
1451 786 1601 879 ,merri
1631 808 1691 867 ra-

176 921 239 1009 tio
273 913 500 1028 respuebat,
529 934 603 1022 pro
629 933 706 1018 qua
736 908 866 993 aulam
895 898 1114 987 substituit.
1149 903 1245 989 Hac
1273 916 1403 986 autem
1434 895 1462 981 li
1492 925 1585 987 vera
1610 890 1689 985 elle

180 1036 408 1135 volumus,
455 1047 498 1116 vt
543 1024 651 1111 certe
693 1017 929 1108 verosimilia
967 1015 1093 1118 sunt,
1132 1019 1320 1104 habemus
1351 1017 1611 1102 Laurentium
1642 1038 1691 1106 ex

182 1173 318 1242 mente
344 1145 558 1237 Prudentii
589 1163 872 1241 ursicinum,
901 1154 1020 1252 atque
1046 1132 1146 1223 adeo
1175 1158 1332 1223 aarum
1362 1159 1582 1226 nomnnvrn
1611 1160 1693 1222 non

181 1269 321 1359 fuisse.

299 1388 373 1470 His
396 1387 656 1470 comessuram
687 1375 803 1463 aliam
832 1403 881 1464 ex
906 1390 1143 1491 argumento
1173 1374 1285 1459 Libri
1316 1374 1402 1470 aare)
1433 1378 1593 1476 sipisim
1625 1373 1698 1463 de·

182 1498 410 1616 sumptam,
442 1499 538 1584 liciat
578 1492 689 1582 extri
715 1493 930 1590 ordinem,
956 1495 1173 1608 adiungere
1198 1488 1385 1602 placuit.
1416 1497 1524 1581 Cuin
1553 1502 1695 1586 enirn,

183 1624 420 1736 precipuum
468 1620 550 1702 eius
578 1611 691 1696 Libri
721 1625 871 1722 partem
901 1609 1070 1720 Hispani
1100 1609 1303 1717 Martyres
1332 1607 1432 1726 (vel
1465 1609 1493 1694 si
1522 1616 1699 1701 Lauren·

184 1742 285 1824 tiuni
329 1734 383 1820 de
412 1761 494 1844 quo
524 1730 572 1815 lis
614 1727 669 1813 est
706 1734 854 1813 interea
885 1721 1201 1840 seponamus),
1244 1725 1498 1812 Hemeterius
1522 1732 1561 1814 &
1589 1733 1699 1815 Che·

187 1854 389 1951 lidonius,
418 1846 655 1934 Vincentius
679 1841 822 1930 Levita
847 1893 864 1943 ,
891 1839 1124 1929 Osiodecim
1152 1836 1519 1952 caesaraugustani,
1549 1845 1700 1933 Eulalia

188 1965 472 2068 Enteriteofis,
502 1959 732 2050 Frudiuosus
747 1956 1044 2048 Tarraconensis
1061 2015 1077 2063 ,
1095 1956 1216 2043 imino
1245 1958 1531 2069 &Cyprianus
1558 1964 1699 2075 (quem

190 2085 283 2172 licit
312 2082 455 2169 Afrum
472 2139 486 2183 ,
502 2111 629 2172 amore
654 2079 852 2180 tamen&
879 2107 943 2166 are
959 2069 1178 2190 Hispanum
1205 2071 1276 2193 (a)
1301 2074 1538 2161 Prudentius
1565 2081 1702 2192 vocat)

187 2201 255 2288 sibi
281 2199 510 2286 vindicent:
543 2200 668 2314 liquet
722 2198 893 2283 ammei
920 2189 1094 2303 ipsorum
1111 2197 1286 2303 Hymnis
1303 2216 1370 2277 eos
1395 2192 1444 2276 ab
1457 2193 1633 2281 Auctore
1660 2201 1702 2280 in

184 2316 313 2431 patris
340 2315 579 2425 conscriptos
607 2315 663 2398 fui
695 2331 748 2412 e3
778 2308 803 2395 ὲ
833 2311 1036 2395 contrario
1057 2309 1183 2409 verb,
1211 2336 1293 2421 quae
1316 2309 1466 2414 reliqua
1490 2311 1531 2396 in
1560 2309 1701 2398 eo'Li·

183 2437 256 2522 bro
280 2431 368 2516 sunt
383 2431 612 2540 Martyrum
647 2454 728 2513 non
744 2421 1009 2536 Hispanorum
1023 2429 1241 2536 po'e'mara,
1262 2424 1502 2510 Prudentius
1521 2422 1603 2540 ipse
1630 2457 1703 2513 eit·

183 2550 246 2640 trs
272 2545 661 2660 patriam,immo&
680 2566 751 2650 per
774 2538 1019 2628 occasionem
1034 2540 1251 2654 composita
1269 2530 1379 2628 fuisse
1405 2541 1590 2658 testatur3
1623 2547 1703 2631 Pe-

186 2667 241 2754 tri
269 2660 428 2775 quidem
458 2663 497 2742 dc
522 2659 634 2744 Pauli
659 2654 948 2769 Apostolorum
977 2655 1118 2744 Romae
1144 2713 1160 2760 ,
1190 2664 1288 2746 irem
1315 2658 1534 2771 Hippolyti
1557 2692 1573 2773 3
1603 2657 1705 2748 Cas-

187 2782 284 2868 siani
306 2778 404 2865 verb
427 2773 772 2871 Foro-Cornelii,
791 2803 881 2858 cum
908 2771 997 2857 casu
1014 2780 1097 2859 eius
1114 2775 1297 2890 passionis
1323 2776 1525 2863 historiam
1542 2781 1590 2864 ab
1607 2778 1704 2866 aedi·

184 2917 260 2983 tuo
290 2887 544 2978 inaudivisset
572 2950 585 2975 .
617 2895 681 3003 De
708 2894 877 2993 Agnetis
908 2910 1040 2975 autern
1062 2895 1107 2972 dc
1132 2896 1332 3012 Qirini,
1362 2897 1432 3006 qui
1465 2895 1548 2978 duo
1571 2893 1705 3008 super·

184 3014 275 3099 sunt
301 3066 316 3114 ,
346 3007 540 3118 hymnis,
572 3004 724 3091 incerta
755 3027 815 3085 res
839 2999 938 3103 esl3
978 3005 1118 3092 Romae
1148 3029 1280 3096 tamen
1318 3006 1561 3124 conscriptos
1589 3007 1704 3099 fuisse

184 3129 326 3241 prioris
357 3130 398 3209 in
436 3123 548 3206 Vrbe
577 3117 660 3209 sesti
684 3116 889 3203 celebritas
919 3171 934 3217 ,
965 3121 1187 3231 posterioris
1218 3146 1349 3213 autem
1379 3126 1574 3238 Martyris
1607 3158 1705 3215 exu-

184 3252 258 3334 viae
274 3241 394 3356 ipsis,
425 3257 468 3322 vt
488 3256 616 3348 putu,
647 3235 718 3345 (b)
748 3230 960 3318 Prudentii
981 3241 1223 3347 temporibus
1251 3244 1276 3323 ὲ
1300 3242 1452 3342 Siscia,
1483 3249 1553 3355 qui
1573 3247 1704 3331 Crou-

184 3366 248 3448 tiar
276 3384 398 3472 pagus
416 3352 498 3449 esl,
530 3351 594 3467 (c)
623 3351 791 3437 Romam
819 3348 1042 3458 translatae,
1074 3359 1314 3441 coniiciendi
1342 3359 1585 3448 occasionem
1603 3388 1705 3476 prae·

186 3481 310 3566 bent.
342 3472 450 3556 Cum
480 3495 578 3581 ergo
602 3496 722 3557 vnum
755 3468 852 3553 illud
879 3471 1063 3571 Poema,
1085 3475 1194 3587 quod
1224 3476 1426 3560 Laurentii
1459 3475 1704 3586 pasfionem..

185 3595 411 3689 continet,
450 3613 527 3700 pre
549 3587 638 3674 aliis
665 3604 864 3700 quotquot
891 3585 933 3670 in
972 3618 1021 3673 eo
1052 3589 1179 3677 Libro
1218 3586 1350 3691 sunt,
1392 3589 1630 3680 Prudentius
1660 3596 1702 3680 in

188 3705 381 3823 Hispania
410 3701 603 3818 scriptum
627 3701 927 3811 luculentissime
954 3705 1149 3813 telletur,
1183 3728 1227 3796 vt
1248 3709 1334 3796 loca
1361 3713 1517 3792 nonita
1543 3713 1701 3824 pridem

189 3854 303 3914 exeo
326 3823 493 3912 addim
520 3822 754 3909 declarant:
785 3848 858 3907 cur
876 3854 955 3910 non
984 3827 1022 3908 br
1049 3827 1143 3913 hinc
1170 3827 1403 3925 eliciamus,
1428 3829 1706 3931 Laurentium,

190 3971 271 4030 nou
302 3939 404 4029 secus
430 3960 547 4051 atque
573 3937 640 4022 alii
670 3955 866 4044 martyres
893 3968 1064 4050 quorum
1099 3945 1288 4054 passiones
1316 3946 1349 4028 is
1384 3947 1536 4029 Austor
1561 3953 1602 4033 io
1636 3975 1707 4060 pa·
1811 4054 1815 4065 .

45 4164 48 4171 ¹
190 4067 268 4148 tria
296 4067 468 4156 cecinit,
497 4050 689 4167 Hispanias
720 4059 760 4136 iu
790 4051 921 4136 media
952 4075 1089 4137 natum
1116 4047 1259 4140 fuisse?

306 4183 402 4260 Haec
428 4172 519 4257 sane
545 4162 896 4258 srabAdversariis
921 4195 966 4253 ex
987 4169 1196 4254 Prudentis
1225 4176 1417 4280 Hymno,
1451 4192 1518 4256 aut
1542 4179 1703 4277 aliunde

49 4377 51 4381 ,
189 4321 264 4410 pro
296 4317 432 4378 eorum
459 4295 649 4400 opinione
674 4283 804 4371 elicita
841 4287 953 4371 nobis
982 4290 1279 4388 obiicerentur,
1309 4286 1368 4373 vti
1392 4285 1539 4402 fingula
1566 4294 1701 4410 (qubd

191 4407 363 4524 ingenui
393 4401 543 4522 fateor)
573 4432 652 4487 non
669 4412 797 4514 magni
824 4401 1026 4507 facerem,
1056 4413 1112 4491 ita
1138 4411 1180 4490 in
1207 4405 1380 4493 eundem
1409 4400 1573 4520 scopum
1592 4409 1703 4527 quasi

190 4556 236 4618 ex
253 4529 441 4615 condicto
465 4523 614 4611 disesia
640 4548 719 4606 non
736 4521 890 4633 prorsus
914 4520 1165 4634 despicienda
1184 4521 1369 4610 ducerem
1391 4529 1606 4632 vniversa,
1637 4554 1704 4613 ra·

1019 4644 1059 4729 0
1092 4663 1115 4722 a
1399 4661 1403 4676 ·
1623 4642 1696 4731 ris-

236 4858 287 4963 [α]
297 4913 323 4950 ,,
337 4862 404 4940 ‚Est
421 4857 564 4946 proprius
584 4857 689 4948 patriae
708 4857 856 4949 Martyr,
869 4865 929 4949 sed
984 4871 1042 4934 rol.
1054 4867 1103 4932 dir
1119 4866 1180 4932 lV·
1200 4867 1282 4943 Iunii
1295 4867 1363 4931 litt·
1379 4867 1417 4930 B·
1492 4847 1502 4862 ’

193 5009 221 5043 ,,
246 4982 343 5028 umere
363 4955 401 5028 (J
424 4978 473 5025 ort
501 4959 590 5039 noster
613 4996 622 5016 ·
648 4952 830 5022 Prudentius
860 4952 926 5019 iri-i
1029 4956 1092 5036 [c]
1127 4951 1187 5021 His
1214 4952 1406 5037 temporibus
1431 4956 1525 5045 SHseg
1555 4953 1706 5044 indigenis

192 5053 325 5138 Hymno
343 5050 382 5115 de
404 5045 436 5114 S·
457 5042 622 5133 Cypriane
647 5049 685 5116 P·
708 5070 783 5114 111·
979 5048 1149 5128 appellatus
1169 5044 1208 5113 ed
1222 5045 1400 5133 Colapis&
1419 5043 1489 5127 Sari
1507 5041 1704 5127 confluentes,

239 5133 308 5228 [b]
330 5137 408 5214 Vid·
427 5134 539 5225 Baton.
570 5144 601 5205 in
626 5140 708 5208 Not·
733 5141 774 5208 aas
796 5142 921 5228 Murti-
978 5143 1150 5214 donareris.
