4184 5904
441 271 518 430 46

446 498 592 591 contri
615 495 709 583 belli
735 492 760 578 [ι
789 494 949 607 quando
973 492 1177 608 ingrueret
1208 486 1460 603 procellam,
1518 488 1660 607 repere
1687 499 1844 585 rnvnire
1872 486 1954 585 sese

447 637 570 733 atque
601 610 754 699 mature
780 613 994 725 providere
1023 604 1347 714 eoqsultitsrmum
1379 608 1449 723 ipsr
1479 519 1621 697 lberit.

452 799 458 808 .
567 731 796 830 Conllituto
827 730 908 813 iam
938 727 1033 815 verb
1070 731 1110 811 in
1139 725 1408 835 Exceptoratu
1434 727 1592 813 Damasi
1624 729 1831 832 Parente,
1872 736 1958 820 Le-

449 860 535 941 slor
564 846 727 934 subinde
748 844 864 944 fieri,
894 843 1081 959 quodque
1112 839 1310 954 reliquum
1335 864 1419 928 erat
1443 841 1692 930 Ecclesastici
1721 845 1831 931 stadii
1858 879 1958 935 con·

395 968 397 970 ’
447 969 591 1065 ficere,
621 992 699 1050 non
733 960 899 1072 perinde
927 957 1090 1048 difficile
1114 957 1413 1045 estimandum.
1447 960 1539 1047 Vna
1564 963 1712 1050 etenim
1744 970 1824 1052 viri
1859 993 1959 1077 pro·

353 1111 355 1114 ’
450 1089 552 1174 biras
571 1078 837 1194 industriaque
863 1084 906 1167 in
928 1076 1211 1188 Exceptoratris
1244 1103 1406 1162 munere
1421 1076 1614 1189 speetata,
1641 1099 1684 1166 vt
1702 1077 1777 1166 alia
1804 1078 1959 1168 desuis·

451 1202 538 1289 sent
555 1201 717 1300 omnia,
740 1195 908 1309 gradum
932 1203 969 1284 ei
992 1195 1042 1283 ad
1067 1197 1315 1281 Ledoratum
1348 1189 1584 1306 caeterosque
1599 1195 1802 1299 Ordines,
1834 1201 1957 1316 idque

450 1320 707 1429 inexpedaro
744 1336 968 1426 temporum
1007 1313 1253 1410 interstitio,
1283 1305 1409 1396 facere
1434 1310 1741 1399 commodissime
1778 1326 1912 1428 potuit
1942 1378 1954 1402 .

452 1440 594 1546 Neque
622 1458 691 1517 nos
721 1448 852 1514 tamen
882 1483 897 1531 ,
926 1431 953 1514 sr
985 1424 1238 1541 praalsertanr
1266 1425 1611 1515 Ecclesiasticarum
1640 1428 1772 1542 legum
1809 1431 1958 1521 severi-

456 1573 576 1638 tatem
609 1544 657 1630 ad
690 1544 861 1631 amussim
890 1547 930 1630 in
967 1577 1016 1633 eo
1038 1544 1316 1644 observatam,
1341 1546 1621 1660 'integrumque
1660 1552 1700 1632 in
1733 1549 1957 1635 Minoribus

458 1665 674 1755 constituto
698 1660 950 1776 septennium
975 1660 1259 1776 expectandum
1288 1661 1477 1778 Merenda
1500 1663 1783 1767 contenderit,
1815 1693 1959 1782 magno

453 1801 665 1896 propterea
690 1780 771 1866 nisu
799 1780 1127 1894 repugnabimus.
1162 1780 1324 1865 Etenim
1360 1778 1420 1865 vel
1448 1777 1500 1875 fic
1525 1785 1750 1880 Antonius,
1777 1784 1958 1869 vixdum

451 1897 768 2013 sexagenarius,
800 1897 955 2009 integri
988 1893 1136 1987 scilicet
1166 1916 1319 1996 aetate,
1357 1896 1527 2010 provehi
1555 1896 1606 1984 ad
1634 1898 1956 2010 Presbyteratum

453 2016 577 2102 facile
606 2020 761 2126 potuit.
1848 2126 1853 2132 ⁴

572 2139 771 2217 Hactenus
799 2134 1075 2224 verofimilium
1099 2133 1238 2222 seriem
1269 2137 1537 2235 attexuimus,
1568 2139 1608 2218 in
1634 2159 1708 2246 qua
1738 2149 1901 2234 tamen,
1932 2133 1961 2219 fi

454 2249 549 2362 quid
583 2273 660 2356 ego
698 2248 847 2351 video,
876 2253 976 2338 nihil
1006 2256 1060 2339 eil
1090 2250 1197 2362 quod
1225 2251 1436 2336 liberrima
1466 2256 1633 2361 partium
1663 2247 1791 2337 lludio
1822 2256 1961 2339 Leslo·

340 2374 357 2381 ”
452 2394 536 2451 rem
562 2363 706 2453 morari
740 2365 874 2477 possit.
906 2370 1049 2481 Neque
1078 2364 1315 2452 verosimilia
1344 2366 1500 2450 tantirnr
1529 2366 1729 2467 dixerim,
1759 2368 1868 2480 queis
1886 2376 1965 2457 Hi·

455 2483 581 2568 storia
614 2483 755 2566 veritas
786 2508 834 2564 ex
865 2503 976 2594 parre
1007 2484 1140 2569 saltem
1172 2480 1293 2564 robur
1333 2478 1582 2593 adiungere,
1611 2484 1736 2565 immo
1766 2490 1884 2567 etiam
1914 2494 1965 2570 iis

454 2597 607 2686 causam
636 2592 790 2682 dedisse
814 2596 1013 2684 credenda
1040 2603 1095 2682 eil
1126 2597 1272 2689 ..Rern
1304 2597 1428 2704 igitur
1453 2597 1588 2703 paullo
1631 2597 1750 2682 altibs
1780 2623 1963 2709 repetere

453 2715 583 2830 placet
601 2774 610 2794 .
627 2709 778 2796 Damasi
796 2736 948 2825 patrem
964 2717 1013 2801 ab
1029 2715 1299 2825 Exceptoratu
1327 2710 1375 2792 ad
1398 2709 1629 2796 Ledioratris
1654 2715 1836 2799 ordinem
1866 2747 1979 2829 pro·⁴

455 2826 597 2919 ceffilse
624 2884 638 2931 ,
669 2827 738 2938 ipsi
773 2831 975 2914 nobiscum
1012 2830 1207 2910 Merenda
1241 2851 1285 2901 ac
1314 2822 1591 2905 Tillemontius
1620 2832 1820 2936 agnovere
1848 2864 1862 2938 3
1897 2832 1963 2916 id-

457 2976 535 3057 que
561 2939 798 3055 apertissimo
824 2936 942 3048 ipsius
968 2935 1124 3024 Damasi
1170 2930 1396 3018 testimonio
1424 2942 1464 3019 in
1493 2936 1816 3048 Epigrammate:
1847 2953 1962 3042 De,

456 3063 607 3174 Templa
631 3061 672 3141 S.
690 3055 924 3161 Laurentii,
954 3057 1022 3141 vbi
1046 3055 1100 3142 de
1126 3051 1308 3139 Antonio
1324 3075 1437 3165 parre
1462 3047 1653 3164 loquens,
1681 3056 1843 3173 eiusque
1871 3092 1964 3178 gra7

347 3241 350 3248 ·
457 3175 531 3266 dits
556 3200 817 3274 enumerans,
845 3178 900 3260 ait
929 3173 1025 3286 (a):

629 3293 712 3381 Hac
724 3296 843 3382 Pater
856 3291 1087 3407 Exceptor,
1118 3294 1291 3386 Ledor,
1320 3288 1490 3386 savrra,
1514 3294 1698 3382 Sacerdos

629 3415 816 3500 Creverat
844 3410 919 3494 &o

458 3529 603 3640 Neque
630 3531 778 3616 etenim
811 3547 855 3615 vt
885 3543 1015 3615 metro
1043 3525 1248 3615 inserviret
1277 3521 1467 3612 Damasus
1490 3527 1663 3613 Ledoris
1690 3528 1860 3639 gradum
1878 3534 1964 3621 Ex·

457 3647 674 3756 ceptoratui
706 3638 958 3758 postposuisse
984 3642 1204 3728 credendus
1232 3640 1315 3738 ell,
1345 3638 1413 3724 sed
1443 3649 1573 3750 potius
1606 3663 1649 3725 vt
1680 3671 1759 3727 rem
1790 3675 1872 3757 quo
1890 3680 1962 3766 ge·

458 3760 513 3844 sta
538 3759 593 3843 est
620 3762 766 3844 ordine
796 3759 908 3843 nobis
931 3780 1149 3870 exponeret
1174 3811 1189 3857 ,
1218 3785 1310 3842 cum
1339 3752 1487 3867 alioqui
1515 3753 1743 3846 facillimum
1772 3766 1840 3877 ipsi
1867 3763 1963 3872 fuis-¹

459 3872 517 3960 set
543 3870 646 3960 salvi
670 3876 837 3961 l’oeseos
864 3872 952 3984 lege
982 3875 1032 3960 src
1061 3874 1265 3960 exordiri:

637 3993 720 4080 Har
750 3994 896 4078 Leoor
922 3997 1067 4091 Pater,
1088 3991 1317 4102 Exceptor,
1348 3996 1521 4094 Levita,
1549 3999 1756 4084 Sacerdos.

578 4104 662 4192 Iarn
683 4113 776 4196 verb
800 4103 997 4220 processus
1016 4111 1085 4200 ille
1107 4109 1156 4195 ab
1179 4111 1442 4220 Exceptoratu
1460 4109 1507 4192 ad
1528 4112 1780 4201 Lestoratum
1801 4144 1879 4202 non
1905 4119 1963 4205 ita

461 4219 675 4335 frequens,
706 4225 876 4310 mirifice
901 4225 1140 4324 confirmat,
1167 4228 1395 4311 Antonium
1426 4252 1504 4311 non
1532 4229 1555 4310 a
1583 4257 1734 4342 puero,
1765 4230 1830 4317 sed
1865 4259 1965 4344 pro·

463 4348 676 4427 vestiorem
714 4342 764 4425 ad
791 4340 961 4427 Clerunr
1002 4335 1210 4431 accelsrlse.
1243 4343 1278 4426 li
1306 4347 1481 4444 etenim,
1512 4345 1577 4454 qui
1610 4346 1767 4436 redditi
1789 4350 1964 4436 Ecclesiae

461 4483 583 4576 pace,
614 4457 781 4568 apueris
801 4458 958 4547 Divinas
977 4462 1127 4548 militiae
1144 4458 1490 4564 adscribebantur,
1514 4462 1638 4550 statim
1669 4470 1690 4548 a
1707 4464 1903 4583 baptismo
1921 4468 1964 4552 in

462 4577 670 4658 Leelorurn
697 4572 908 4687 collegium
936 4579 1032 4665 anre
1060 4578 1273 4689 pubertatis
1309 4607 1432 4666 annos
1458 4577 1602 4686 relati,
1634 4606 1730 4670 runc
1768 4586 1961 4673 demum,

466 4687 699 4800 Exceptoris
723 4686 897 4776 officium
914 4693 1247 4807 assequebantur,
1277 4692 1304 4780 fi
1333 4727 1482 4812 gnavos
1500 4695 1575 4782 sese
1602 4720 1723 4812 atque
1748 4703 1960 4788 industrios

467 4805 517 4890 ad
548 4807 590 4891 id
620 4810 794 4892 muneris
820 4810 1113 4902 exhibuissent.
1146 4813 1304 4936 illustre
1336 4824 1377 4906 irs
1399 4817 1502 4905 harre
1526 4840 1609 4905 rem
1643 4820 1859 4939 Epiphanii
1891 4817 1965 4904 Ti-

1896 4963 1972 5023 cr-

510 5066 569 5154 (α)
594 5072 658 5160 Ap.
681 5073 826 5147 Merend.
841 5095 913 5169 pag.
938 5097 1017 5164 ω.
