4184 5904
1674 346 1778 462 145
1869 264 1873 269 ¹

278 551 466 660 ignaros,
494 563 583 623 cum
602 540 644 621 in
674 536 836 621 alteram
859 563 991 624 earum
1026 532 1251 636 incidisset,
1284 541 1388 621 ratus
1415 551 1626 650 utrumque
1651 536 1691 620 ὃς
1712 561 1789 621 cv·

277 691 376 758 rus,
405 658 442 739 &
470 680 577 738 crvrs
606 650 751 738 ibidem
781 651 859 767 legi
889 654 1042 768 posse,
1081 651 1223 736 dubius
1255 669 1382 738 tamen
1419 669 1506 740 vtra
1540 651 1658 739 lectio
1686 676 1788 768 prae·

276 776 449 864 stabilior
483 761 581 856 esset
611 795 624 853 a
652 793 699 854 ex
730 765 894 882 snnplici
920 777 1120 885 geminam
1158 794 1293 858 vocem
1325 767 1420 861 fecit
1445 827 1462 877 2
1491 767 1685 883 aliamque
1715 773 1792 858 irts’

276 911 388 982 textu
413 942 428 989 a
456 886 571 973 aliam
599 883 647 970 ad
676 909 785 971 oram
813 886 976 973 Codicis
1002 889 1027 972 ὲ
1055 885 1221 997 regione
1249 882 1491 991 collocavit3
1521 913 1571 972 eo
1604 882 1793 976 uidelicet

275 1007 437 1099 consrlio
467 1024 511 1092 vt
538 1028 653 1115 quam
680 1004 822 1088 Ledtor
851 998 1087 1099 sententiat,
1117 1027 1236 1114 quam
1266 1000 1348 1114 ipse
1378 1032 1459 1090 non
1487 998 1790 1113 assequebatur,

279 1125 629 1241 congruentiorem
657 1117 853 1206 iudicaret
877 1147 962 1207 eam
992 1115 1116 1205 alteri
1136 1115 1278 1204 reiecti
1295 1116 1521 1229 praeferret·
1553 1125 1642 1206 Hoc
1661 1110 1791 1206 adrem

276 1240 393 1332 semel
421 1230 587 1325 admisso
616 1230 802 1320 facillime
825 1235 1048 1353 marginalis
1076 1261 1155 1324 vox
1187 1241 1228 1321 in
1248 1251 1399 1324 textum
1429 1237 1604 1347 irrepere
1627 1234 1800 1349 potuim*

281 1365 321 1447 bc
351 1358 538 1466 coniungi
566 1378 685 1442 cvrvs
710 1380 817 1442 ervis
847 1377 862 1458 3
903 1383 949 1441 ac
977 1353 1141 1443 demum
1168 1354 1329 1444 uerbum
1361 1378 1585 1443 unsceuuo
1617 1352 1669 1441 ad
1708 1349 1792 1440 rol-

283 1476 441 1567 lendam
463 1468 686 1589 posterioris
714 1476 820 1558 vocis
848 1472 1147 1586 ambiguitatem
1178 1465 1414 1589 superaddi.
1757 1486 1784 1555 .’

401 1596 535 1706 Atque
563 1589 632 1673 hac
654 1614 730 1699 ego
754 1594 908 1678 ratione
938 1587 1154 1706 planissime
1189 1589 1274 1679 fieri
1305 1590 1474 1706 potuisse
1505 1590 1770 1695 exillim02u

214 1821 218 1826 1
281 1715 407 1803 verba
431 1706 496 1793 illa
523 1730 749 1793 nascanoo
777 1737 911 1809 ervis,
933 1735 1019 1822 quae
1046 1724 1110 1793 tot
1138 1709 1250 1794 nobis
1269 1710 1400 1796 turbas
1418 1711 1699 1810 concitarunt,
1723 1735 1797 1820 ge·
1856 1734 1859 1738 “

284 1832 408 1918 nuino
426 1823 555 1910 Sancti
574 1820 718 1908 Leonis
744 1830 900 1941 textum
929 1824 1010 1913 sme
1034 1823 1196 1912 alicuius
1219 1824 1404 1937 flagitio,
1428 1853 1475 1912 ex
1500 1823 1577 1912 sola
1592 1827 1800 1934 Antiqua-

284 1953 436 2034 riorum
467 1942 667 2052 imperitia
692 1959 760 2026 aut
782 1937 987 2031 oscitantia
1010 1939 1278 2053 adreperent3
1309 1941 1422 2058 quod
1452 1947 1670 2029 innumeris
1698 1965 1798 2051 prae·

286 2078 395 2149 terea
425 2057 657 2144 vitiatorum
685 2057 883 2146 Codicum
913 2057 1107 2169 exemplis
1144 2056 1377 2147 confirmare
1406 2064 1447 2144 iu
1468 2076 1653 2172 promptu
1679 2051 1794 2153 esset,

284 2176 355 2264 nist
386 2172 580 2288 praestaret
610 2171 819 2262 verborum
849 2174 1130 2289 compendium
1159 2170 1322 2265 facere.
1355 2172 1458 2264 Sane
1485 2176 1581 2265 verb
1612 2178 1797 2261 vitiatam

282 2322 330 2377 an
363 2296 559 2405 integram
587 2285 819 2378 Blanchinus
860 2302 944 2379 e'am
970 2292 1318 2380 Contellationem
1352 2289 1488 2393 velit,
1527 2288 1657 2379 nostra
1689 2316 1801 2377 norb

250 2404 451 2496 =multum
492 2400 656 2504 refert,
698 2434 789 2491 cum
828 2407 1222 2519 predixerimusalii
1251 2434 1322 2491 nos
1352 2403 1416 2492 viai
1446 2404 1557 2519 ipsius
1590 2406 1800 2491 conatibus

201 2618 204 2623 ,
281 2524 518 2627 obstituros3
548 2510 668 2602 refert
697 2536 833 2605 autem
858 2522 990 2606 Sentii
1017 2519 1164 2606 Leonis
1195 2520 1411 2628 plurimum
1438 2542 1481 2607 vt
1512 2523 1561 2604 ab
1593 2518 1680 2630 ipso
1708 2521 1801 2603 bar·

284 2633 439 2726 barisani
467 2632 595 2720 labem
621 2628 819 2730 eluamus,
849 2633 979 2716 multb
1005 2649 1137 2718 autem
1167 2632 1254 2743 plus
1275 2631 1664 2721 n'ePrudentifsrmus
1688 2634 1801 2722 Pon·

284 2753 384 2843 tifex
425 2753 700 2864 importuna,
731 2766 849 2861 atque
888 2752 911 2834 i
952 2745 1096 2863 spiritu
1122 2747 1297 2840 Ecclcfiae
1323 2749 1548 2840 alienissima
1584 2754 1801 2864 Liturgicis-

282 2870 418 2961 Libris
449 2861 653 2950 inseruisse
676 2864 859 2949 dicatur.

285 3009 290 3017 ·
396 2979 591 3094 Qorfum
622 2994 753 3063 tamen
782 2977 882 3079 ista,
912 2979 1139 3066 Blancbinus
1164 2988 1342 3096 inquiet,
1372 2987 1399 3071 sr
1430 2985 1589 3097 quidem
1618 2987 1719 3076 nihil
1742 2994 1804 3074 in·
1836 3041 1840 3047 -

281 3099 333 3186 de
392 3093 530 3183 raesrdii
557 3091 798 3201 responsioni
827 3090 962 3177 nostrae
987 3093 1116 3180 afferri
1146 3099 1352 3186 volumus?
1383 3102 1550 3200 Scilicet,
1570 3121 1614 3194 vt
1643 3132 1689 3190 ex
1712 3132 1806 3218 pra:-
1908 3088 1915 3097 ’

285 3217 342 3326 mi
375 3242 397 3300 a
417 3204 599 3299 donrint
624 3205 731 3289 binas
749 3207 903 3310 theses,
935 3216 1057 3294 immo
1084 3214 1181 3296 verb
1210 3215 1413 3329 Liturgica
1436 3236 1480 3304 ut
1498 3236 1681 3333 putamus
1698 3223 1803 3328 dog-

284 3350 391 3419 mata
416 3328 560 3416 elicere
585 3319 696 3405 nobis
722 3345 794 3433 per
819 3319 944 3434 ipsum
974 3323 1116 3426 liceat,
1148 3326 1359 3443 equorum
1382 3327 1511 3421 altero
1535 3336 1807 3425 contestatio·

286 3454 351 3533 nis
380 3440 431 3531 de
457 3468 534 3555 qua
564 3442 717 3550 agimus
742 3437 1017 3555 interpretatio
1042 3449 1208 3533 omnino
1234 3441 1411 3558 petenda
1435 3445 1514 3535 est.
1547 3453 1647 3539 Sunt
1674 3472 1806 3559 autem

287 3565 397 3647 haec:

891 3794 1191 3938 Primum
1206 3823 1225 3937 .’

426 4157 464 4210 „
502 4096 722 4198 Alienum
748 4090 965 4233 perpetud
1003 4100 1030 4200 d
1063 4091 1294 4239 proposito
1326 4097 1529 4203 Ecclesia
1554 4095 1717 4225 fuisse,
1753 4132 1809 4210 ut

201 4322 207 4333 .
291 4300 327 4360 ,,
366 4238 635 4372 temporales
660 4233 930 4339 Sannorum
959 4246 1119 4376 patrias
1148 4243 1381 4377 Liturgicis
1410 4240 1550 4345 Libris
1576 4238 1807 4363 insereret3

287 4443 324 4497 ‚,
359 4411 411 4477 ac
452 4369 703 4511 proindest
739 4374 846 4508 quid
876 4371 1045 4515 uspiam
1081 4387 1178 4486 eius
1209 4387 1464 4518 argumenti
1501 4386 1549 4486 in
1577 4384 1810 4488 veteribus

286 4587 327 4636 „
361 4518 749 4629 Sacramentariis,
769 4521 972 4620 maxime
997 4519 1107 4625 verd
1133 4519 1190 4626 ad
1211 4518 1412 4624 Ecclesrae
1439 4530 1658 4628 Romanae
1677 4519 1808 4628 vsum

288 4726 326 4777 „
362 4653 622 4768 adornatis,
656 4661 928 4790 reperiatur:
968 4687 1180 4798 tanquam
1215 4660 1374 4800 partim
1400 4700 1506 4765 cum
1537 4662 1689 4802 spiritu
1723 4672 1814 4767 Era
1887 4694 1892 4701 ’

288 4859 326 4911 2,
362 4788 502 4897 clefiae
534 4796 757 4898 coherens
780 4865 797 4911 ‚
823 4791 1022 4911 salsitatis
1055 4831 1138 4908 aut
1172 4799 1572 4913 vehementissimae
1606 4800 1807 4942 suspirio·

285 5002 322 5058 „
359 4941 427 5040 nis
456 4939 570 5041 vitio
602 4933 834 5068 laborare.
1515 4976 1521 4985 “

1102 5075 1140 5165 Τ
1736 5088 1812 5171 ὅσ·
