4184 5904
152 551 278 643 vitun
302 524 485 666 geiquue
521 536 708 663 scripfiss'e'
733 544 889 663 pridem
916 538 1178 646 dicebamus,
1218 544 1263 632 id
1292 548 1347 636 est
1375 553 1460 667 post
1484 538 1666 641 annum)

151 668 486 756 DCCCLXVH.
516 662 757 755 Pontificalis
785 665 897 751 Libri
928 659 1200 747 corleutonen
1226 664 1472 783 adornavit3
1503 690 1544 757 vt
1572 699 1666 784 pro-

153 783 252 870 inde
280 785 448 898 catalogi
464 786 680 874 Auttorem
702 775 1085 897 totosqurdrrgiute
1107 805 1232 868 annos
1248 785 1446 874 Anastasio
1460 791 1662 900 antiquiu-

157 926 242 986 rem
271 893 381 987 soille
406 896 551 990 necesse
578 902 652 990 srt.
1395 920 1437 1013 ἥ

265 1016 386 1133 Qod
420 1018 472 1105 ad
510 1015 721 1108 secuudum
761 1012 1002 1110 Pontificum
1033 1016 1274 1129 catalogum
1304 1020 1448 1135 spettat
1472 1020 1513 1109 id
1541 1050 1667 1111 unum

151 1136 395 1221 Terribiliuo
421 1128 603 1224 assentiar
626 1193 642 1239 ,
674 1134 827 1224 nullum
859 1134 971 1222 nobis
998 1136 1216 1225 nunonem
1255 1132 1448 1250 superesse
1478 1143 1546 1252 qui
1573 1137 1668 1227 antd

153 1277 246 1337 eum
271 1248 489 1367 catalogum
517 1255 725 1341 Damasum
753 1254 974 1366 Hispanum
1001 1250 1149 1339 dixerit
1178 1302 1192 1353 2
1219 1251 1355 1341 saltent
1389 1255 1499 1342 ime
1525 1257 1667 1341 inue-

152 1393 225 1453 nus
258 1373 468 1480 ignorari3
499 1373 638 1458 verbm
663 1370 691 1455 sr
721 1400 765 1457 ea
787 1367 997 1458 recolimus
1023 1393 1110 1478 quar
1139 1368 1193 1454 de
1221 1373 1330 1457 Astis
1358 1369 1493 1458 Romae
1524 1369 1666 1481 super·

151 1481 301 1569 slitibus
329 1478 399 1571 sub
425 1487 585 1573 initiuni
618 1487 718 1575 sexti
746 1484 917 1585 Saeculi,
948 1511 1031 1595 quo
1062 1499 1242 1596 ternpore
1269 1482 1493 1597 catalogum
1525 1487 1670 1575 illum..

154 1617 359 1687 exaratum
389 1594 501 1688 fuisse
543 1603 732 1708 constat,
769 1603 898 1716 deque
935 1598 1089 1712 scriptis
1128 1604 1168 1685 dr
1210 1605 1324 1718 gellis
1370 1602 1665 1707 Pontificum,

151 1711 312 1828 aliisque
339 1716 608 1807 Ecclesiasticis
639 1724 902 1808 monumentis
933 1714 976 1802 id
1003 1720 1193 1829 temporis
1238 1722 1370 1807 ubivis
1399 1718 1687 1834 prestantibus

151 1832 248 1918 alibi
277 1832 385 1920 diua
413 1832 503 1921 sunt
529 1867 542 1927 t
573 1865 655 1925 nou
683 1836 811 1925 minsis
849 1857 989 1923 vetum
1015 1852 1114 1947 puto
1142 1832 1302 1922 secundi
1329 1836 1569 1923 Pontificum
1601 1862 1669 1920 ca·

151 1944 278 2061 talogi
305 1955 553 2056 Audiorem,
588 1952 736 2044 nonnisi
759 1951 895 2065 aliquo
910 1978 1039 2065 eoque
1064 1952 1314 2068 archetypo,
1343 1952 1449 2065 quod
1469 1952 1537 2037 fibi
1566 1979 1669 2065 praea

150 2061 334 2173 luceret,
365 2068 607 2162 documento
622 2076 675 2162 de
697 2068 852 2159 Damas
871 2071 1001 2180 patria
1016 2063 1225 2179 loquutum
1251 2062 1397 2171 fuisse,
1428 2094 1668 2183 quemquam

150 2178 258 2269 illud
284 2180 441 2277 exserto
470 2217 573 2275 nuuc
611 2190 746 2305 digito
773 2183 952 2274 indicare
992 2210 1073 2269 non
1109 2181 1298 2270 facilest
1327 2246 1337 2266 .
1370 2186 1524 2271 Saltem
1552 2212 1667 2271 notu

152 2296 233 2401 id,
259 2306 399 2391 amabo
421 2363 436 2410 ,
466 2312 643 2421 aequius‚
672 2332 755 2394 non
775 2294 1029 2418 praestabilius
1060 2297 1214 2400 fuerit,
1239 2299 1357 2413 quim
1388 2296 1573 2413 suspicari
1605 2300 1673 2403 se-¹

150 2416 272 2504 cundi
309 2421 480 2535 catalogi
509 2427 726 2513 Ausiorem
758 2414 915 2507 Damrsr
945 2422 1113 2528 patriam
1146 2410 1171 2496 ὲ
1200 2417 1368 2531 proprio
1399 2418 1469 2505 srbi
1499 2416 1666 2505 cerebro

151 2560 235 2620 uon
264 2533 371 2625 secus
396 2567 441 2626 ac
465 2541 618 2656 Iupiter
636 2543 861 2627 Minervam
900 2524 1160 2619 confinxisse?

266 2654 455 2745 Verum,
485 2674 530 2735 ut
545 2659 620 2737 alia
635 2654 789 2748 debut,
819 2676 868 2731 an
887 2671 967 2729 non
985 2672 1059 2729 voa
1075 2640 1235 2727 secundi
1262 2646 1430 2763 catalogi
1448 2652 1667 2764 antiquitas

150 2763 310 2850 abunde
324 2771 362 2854 ei
377 2761 546 2851 sufficere
567 2763 760 2851 censendo
773 2756 827 2847 est
850 2774 896 2847 vt
910 2757 1073 2871 proprii
1087 2757 1238 2845 constet
1263 2760 1368 2876 fide;
1385 2792 1457 2851 nec
1470 2765 1556 2880 post
1571 2764 1669 2852 xli.

151 2878 313 2964 tandem
343 2874 567 2969 seculorum
598 2875 751 2991 lapsum
776 2879 912 2962 alieno
931 2876 1003 2985 ipsi
1028 2872 1078 2954 ad
1104 2868 1208 2953 suum
1230 2879 1418 2966 tuendam
1448 2886 1669 2968 austorite-

151 3013 234 3083 tem
258 2992 446 3108 sponsore
470 3023 569 3110 opus
597 2994 675 3082 srti
705 2995 792 3081 Aut
820 3014 990 3076 curnou
1018 2985 1177 3075 secundi
1193 2989 1361 3100 catalogi
1393 2996 1669 3083 testimonium

155 3111 209 3198 de
233 3109 391 3198 Damasr
420 3119 547 3225 patria
587 3111 612 3198 i
648 3110 876 3222 synchrono
906 3109 1082 3195 nouere
1113 3103 1335 3213 profertum
1367 3109 1669 3198 aestimabimus?
1734 3210 1736 3214 Α

156 3231 251 3315 Eius
272 3225 382 3316 certe
396 3230 605 3341 scriptor,
628 3227 753 3315 srnou
769 3225 971 3314 uirentem
991 3220 1073 3332 lpse
1098 3218 1344 3325 Damasum,
1374 3226 1579 3341 perplures
1602 3245 1669 3312 ta-

154 3373 248 3432 men
276 3340 489 3457 agnoscere
519 3372 685 3462 cumque
722 3347 769 3428 iis
809 3337 952 3431 versari
991 3335 1175 3424 facillime
1208 3341 1372 3450 potuit,
1400 3350 1468 3452 qui
1502 3340 1667 3429 dumio

160 3465 267 3546 vivis
294 3479 433 3572 ageret
469 3462 633 3548 Saucius
667 3456 857 3546 Pontisex
886 3485 975 3545 eum
1008 3448 1143 3565 sepius
1182 3456 1371 3558 intueri,
1402 3456 1534 3569 saepius
1569 3457 1669 3545 allo·

159 3579 264 3687 qui,
296 3571 535 3690 publiceque
560 3580 601 3663 dt
624 3575 815 3690 priuatim
841 3569 970 3660 colere
1001 3569 1244 3672 valueruot3
1273 3591 1394 3686 atque
1417 3600 1466 3658 ex
1489 3573 1550 3659 his
1581 3600 1669 3686 quae

156 3689 210 3778 ad
235 3690 389 3776 Damasi
418 3693 589 3779 Patriam
626 3689 809 3803 gestaque
836 3687 1012 3802 speetant
1051 3682 1267 3789 familiari,
1300 3710 1343 3774 vt
1380 3690 1458 3789 fite
1488 3687 1668 3777 sermone

159 3812 358 3894 mutuari.
391 3806 559 3894 Rursum
583 3808 649 3895 hle
662 3809 776 3896 nobis
789 3803 1076 3916 supputatione
1102 3800 1292 3915 ellopur.
1324 3804 1535 3892 ADanrasr
1560 3832 1667 3894 mor-

160 3941 202 4009 te
213 3952 299 4038 quae
325 3927 364 4010 in
381 3950 526 4009 annum
542 3922 686 4010 incidit
701 3922 847 4004 Christi
870 3922 1216 4007 CCCLXXXIV.
1233 3919 1281 4007 ad
1303 3925 1448 4011 Felicis·
1458 3924 1539 4007 -1V.
1561 3926 1668 4009 Pon-

160 4041 386 4140 tificatum,
412 4068 492 4152 quo
524 4060 704 4155 tempore
729 4031 914 4122 secundus
934 4034 1132 4142 catalogus
1158 4035 1463 4144 scriptorium,
1492 4040 1664 4123 CXLII.

159 4182 242 4245 non
268 4159 436 4268 amplius
457 4153 697 4247 effluxerunt
722 4151 850 4252 auoit
880 4148 907 4236 sr
933 4152 1030 4240 verb
1050 4148 1382 4237 huiurPootificis
1409 4152 1541 4241 exitus
1570 4155 1666 4271 (qui

156 4274 210 4358 ad
243 4298 390 4360 anuum
419 4268 581 4361 demum
610 4273 741 4361 salutis
774 4271 945 4358 DXXX.
976 4266 1143 4357 Ostobri
1174 4264 1303 4355 mense
1340 4268 1700 4387 achronoiogre

159 4388 365 4507 refertur)
404 4386 570 4474 omuinb
600 4384 825 4505 speerandus
866 4387 950 4492 srt,
979 4404 1136 4473 centum
1176 4382 1367 4475 summum
1401 4390 1665 4505 quadraginta

158 4508 198 4592 δι
224 4502 286 4591 sex
312 4508 409 4592 anni
434 4498 700 4592 intercessere.
735 4505 816 4590 Iam
841 4507 934 4591 verb
958 4500 1209 4590 interstitium
1237 4504 1338 4591 illud
1367 4507 1495 4607 binae,
1530 4535 1663 4622 oreque

160 4651 245 4711 non
279 4622 484 4708 hominum
512 4619 875 4732 longavisiimorum
913 4640 1043 4708 etates
1075 4616 1188 4705 facile
1218 4620 1380 4734 implere
1408 4640 1661 4734 potuerunt,

162 4760 205 4829 rt
228 4740 356 4855 priori
386 4756 538 4853 tempus
577 4740 626 4828 ad
654 4737 900 4852 pubertatem
931 4734 1056 4852 vsqud
1081 4737 1369 4839 attribuemus,
1397 4765 1479 4854 quo
1510 4742 1661 4826 Dama-

161 4857 245 4944 sum
275 4854 409 4969 saepiais
440 4861 607 4959 videre,
635 4878 799 4970 queque
823 4856 873 4941 de
900 4853 987 4970 ipso
1013 4860 1052 4941 iu
1078 4881 1148 4940 ore
1175 4860 1355 4941 omnium
1373 4853 1597 4944 serebantur
1614 4858 1664 4942 ab

135 4957 250 5067 ‘aliis
275 4975 481 5089 accipere,
509 4979 547 5061 δι
573 4973 678 5065 fideli
693 5026 708 5081 ,
737 4966 857 5081 qualis
878 4997 1094 5093 puerorum
1120 4968 1203 5075 est,
1233 4972 1661 5095 memorial-retinere3

1415 5220 1421 5229 .
1582 5118 1656 5205 ΡΟ·
