<?xml version="1.0" encoding="UTF-8"?>
<!DOCTYPE html PUBLIC "-//W3C//DTD XHTML 1.0 Transitional//EN"
    "http://www.w3.org/TR/xhtml1/DTD/xhtml1-transitional.dtd">
<html xmlns="http://www.w3.org/1999/xhtml" xml:lang="en" lang="en">
 <head>
  <title>
</title>
<meta http-equiv="Content-Type" content="text/html;charset=utf-8" />
  <meta name='ocr-system' content='tesseract 3.04.00' />
  <meta name='ocr-capabilities' content='ocr_page ocr_carea ocr_par ocr_line ocrx_word'/>
</head>
<body>
  <div class='ocr_page' id='page_1' title='image "./damasusetlauren00bygoog_0140.png"; bbox 0 0 4184 5904; ppageno 0'>
   <div class='ocr_carea' id='block_1_1' title="bbox 1579 357 1683 474">
    <p class='ocr_par' dir='ltr' id='par_1_1' title="bbox 1579 357 1683 474">
     <span class='ocr_line' id='line_1_1' title="bbox 1579 357 1683 474; baseline 0.019 -38"><span class='ocrx_word' id='word_1_1' title='bbox 1579 357 1683 474; x_wconf 83' lang='lat'>109</span> 
     </span>
    </p>
   </div>
   <div class='ocr_carea' id='block_1_2' title="bbox 174 542 1689 1592">
    <p class='ocr_par' dir='ltr' id='par_1_2' title="bbox 175 542 1684 661">
     <span class='ocr_line' id='line_1_2' title="bbox 175 542 1684 661; baseline -0.007 -26"><span class='ocrx_word' id='word_1_2' title='bbox 175 596 208 648; x_wconf 62' lang='lat' dir='ltr'>v„</span> <span class='ocrx_word' id='word_1_3' title='bbox 226 544 255 635; x_wconf 66' lang='lat' dir='ltr'>i*</span> <span class='ocrx_word' id='word_1_4' title='bbox 269 549 378 634; x_wconf 91' lang='lat' dir='ltr'>nobis</span> <span class='ocrx_word' id='word_1_5' title='bbox 395 545 592 660; x_wconf 75' lang='lat' dir='ltr'>prefixus.</span> <span class='ocrx_word' id='word_1_6' title='bbox 624 551 718 632; x_wconf 86' lang='lat' dir='ltr'>Hoc</span> <span class='ocrx_word' id='word_1_7' title='bbox 734 542 798 635; x_wconf 86' lang='lat' dir='ltr'>vel</span> <span class='ocrx_word' id='word_1_8' title='bbox 818 569 938 628; x_wconf 89' lang='lat' dir='ltr'>vnum</span> <span class='ocrx_word' id='word_1_9' title='bbox 954 543 1109 628; x_wconf 84' lang='lat' dir='ltr'>ruaximi</span> <span class='ocrx_word' id='word_1_10' title='bbox 1126 547 1182 633; x_wconf 87' lang='lat' dir='ltr'>est</span> <span class='ocrx_word' id='word_1_11' title='bbox 1197 543 1380 661; x_wconf 85' lang='lat' dir='ltr'>ponderis</span> <span class='ocrx_word' id='word_1_12' title='bbox 1395 564 1684 658; x_wconf 81' lang='lat' dir='ltr'><strong>argumentum.</strong></span> 
     </span>
    </p>

    <p class='ocr_par' dir='ltr' id='par_1_3' title="bbox 174 661 1689 1592">
     <span class='ocr_line' id='line_1_3' title="bbox 303 661 1687 776; baseline -0.001 -30"><span class='ocrx_word' id='word_1_13' title='bbox 303 663 353 750; x_wconf 90' lang='lat' dir='ltr'>ld</span> <span class='ocrx_word' id='word_1_14' title='bbox 391 663 503 748; x_wconf 92' lang='lat' dir='ltr'>nobis</span> <span class='ocrx_word' id='word_1_15' title='bbox 536 682 665 750; x_wconf 89' lang='lat' dir='ltr'>tamen</span> <span class='ocrx_word' id='word_1_16' title='bbox 698 664 747 746; x_wconf 90' lang='lat' dir='ltr'>ad</span> <span class='ocrx_word' id='word_1_17' title='bbox 784 661 917 744; x_wconf 85' lang='lat' dir='ltr'>iollam</span> <span class='ocrx_word' id='word_1_18' title='bbox 950 666 1138 746; x_wconf 81' lang='lat' dir='ltr'>trutinam</span> <span class='ocrx_word' id='word_1_19' title='bbox 1163 664 1385 774; x_wconf 81' lang='lat' dir='ltr'>expendere</span> <span class='ocrx_word' id='word_1_20' title='bbox 1410 688 1479 776; x_wconf 90' lang='lat' dir='ltr'>per</span> <span class='ocrx_word' id='word_1_21' title='bbox 1507 661 1687 746; x_wconf 86' lang='lat' dir='ltr'>Blanclri·</span> 
     </span>
     <span class='ocr_line' id='line_1_4' title="bbox 175 777 1687 884; baseline -0.002 -20"><span class='ocrx_word' id='word_1_22' title='bbox 175 810 270 864; x_wconf 92' lang='lat' dir='ltr'>num</span> <span class='ocrx_word' id='word_1_23' title='bbox 302 779 449 863; x_wconf 68' lang='lat' dir='ltr'>liceat.</span> <span class='ocrx_word' id='word_1_24' title='bbox 480 780 682 867; x_wconf 88' lang='lat' dir='ltr'>Laurentii</span> <span class='ocrx_word' id='word_1_25' title='bbox 712 778 850 863; x_wconf 82' lang='lat' dir='ltr'>felium</span> <span class='ocrx_word' id='word_1_26' title='bbox 882 833 895 880; x_wconf 87' lang='lat'>,</span> <span class='ocrx_word' id='word_1_27' title='bbox 926 783 967 862; x_wconf 91' lang='lat' dir='ltr'>in</span> <span class='ocrx_word' id='word_1_28' title='bbox 1002 804 1050 862; x_wconf 88' lang='lat' dir='ltr'>eo</span> <span class='ocrx_word' id='word_1_29' title='bbox 1076 806 1191 884; x_wconf 87' lang='lat' dir='ltr'>quem</span> <span class='ocrx_word' id='word_1_30' title='bbox 1219 777 1385 864; x_wconf 89' lang='lat' dir='ltr'>dicimus</span> <span class='ocrx_word' id='word_1_31' title='bbox 1407 782 1687 864; x_wconf 70' lang='lat' dir='ltr'>orationum..</span> 
     </span>
     <span class='ocr_line' id='line_1_5' title="bbox 175 893 1688 996; baseline -0.003 -17"><span class='ocrx_word' id='word_1_32' title='bbox 175 896 359 996; x_wconf 74' lang='lat' dir='ltr'>Codice,</span> <span class='ocrx_word' id='word_1_33' title='bbox 389 894 510 978; x_wconf 90' lang='lat' dir='ltr'>tribus</span> <span class='ocrx_word' id='word_1_34' title='bbox 538 896 693 982; x_wconf 80' lang='lat' dir='ltr'>tannim</span> <span class='ocrx_word' id='word_1_35' title='bbox 732 893 975 979; x_wconf 86' lang='lat' dir='ltr'>ora-tionibus</span> <span class='ocrx_word' id='word_1_36' title='bbox 1006 895 1194 996; x_wconf 78' lang='lat' dir='ltr'>constat,</span> <span class='ocrx_word' id='word_1_37' title='bbox 1224 893 1381 982; x_wconf 74' lang='lat' dir='ltr'>adieiiis</span> <span class='ocrx_word' id='word_1_38' title='bbox 1405 914 1539 979; x_wconf 80' lang='lat' dir='ltr'>tanien</span> <span class='ocrx_word' id='word_1_39' title='bbox 1559 895 1688 976; x_wconf 89' lang='lat' dir='ltr'>Com·</span> 
     </span>
     <span class='ocr_line' id='line_1_6' title="bbox 174 1003 1686 1124; baseline 0 -35"><span class='ocrx_word' id='word_1_40' title='bbox 174 1011 363 1124; x_wconf 81' lang='lat' dir='ltr'>pletoriis</span> <span class='ocrx_word' id='word_1_41' title='bbox 390 1017 429 1094; x_wconf 77' lang='grc' dir='ltr'>δι</span> <span class='ocrx_word' id='word_1_42' title='bbox 455 1010 796 1099; x_wconf 77' lang='lat' dir='ltr'>sseoedtoionibus</span> <span class='ocrx_word' id='word_1_43' title='bbox 825 1011 876 1094; x_wconf 88' lang='lat' dir='ltr'>ad</span> <span class='ocrx_word' id='word_1_44' title='bbox 905 1003 1124 1122; x_wconf 89' lang='lat' dir='ltr'>Vesperum</span> <span class='ocrx_word' id='word_1_45' title='bbox 1153 1015 1193 1094; x_wconf 91' lang='lat'>&amp;</span> <span class='ocrx_word' id='word_1_46' title='bbox 1215 1013 1457 1099; x_wconf 86' lang='lat' dir='ltr'>Matutinum</span> <span class='ocrx_word' id='word_1_47' title='bbox 1468 1037 1484 1093; x_wconf 80' lang='lat'>1:</span> <span class='ocrx_word' id='word_1_48' title='bbox 1515 1034 1686 1122; x_wconf 82' lang='lat' dir='ltr'>quarum</span> 
     </span>
     <span class='ocr_line' id='line_1_7' title="bbox 180 1125 1688 1244; baseline -0.001 -36"><span class='ocrx_word' id='word_1_49' title='bbox 180 1133 337 1239; x_wconf 85' lang='lat' dir='ltr'>priores</span> <span class='ocrx_word' id='word_1_50' title='bbox 358 1126 590 1210; x_wconf 80' lang='lat' dir='ltr'>blanchinus</span> <span class='ocrx_word' id='word_1_51' title='bbox 615 1129 729 1229; x_wconf 82' lang='lat' dir='ltr'>casu,</span> <span class='ocrx_word' id='word_1_52' title='bbox 753 1147 796 1215; x_wconf 87' lang='lat' dir='ltr'>vt</span> <span class='ocrx_word' id='word_1_53' title='bbox 823 1145 1030 1238; x_wconf 85' lang='lat' dir='ltr'>putamus,</span> <span class='ocrx_word' id='word_1_54' title='bbox 1057 1125 1214 1215; x_wconf 49' lang='lat' dir='ltr'>omisit«</span> <span class='ocrx_word' id='word_1_55' title='bbox 1245 1127 1313 1244; x_wconf 85' lang='lat' dir='ltr'>(a)</span> <span class='ocrx_word' id='word_1_56' title='bbox 1327 1129 1486 1242; x_wconf 85' lang='lat' dir='ltr'>Septem</span> <span class='ocrx_word' id='word_1_57' title='bbox 1505 1132 1688 1220; x_wconf 81' lang='lat' dir='ltr'>omnino,</span> 
     </span>
     <span class='ocr_line' id='line_1_8' title="bbox 185 1239 1688 1354; baseline -0.004 -26"><span class='ocrx_word' id='word_1_58' title='bbox 185 1271 265 1328; x_wconf 91' lang='lat' dir='ltr'>non</span> <span class='ocrx_word' id='word_1_59' title='bbox 293 1243 460 1354; x_wconf 86' lang='lat' dir='ltr'>amplius</span> <span class='ocrx_word' id='word_1_60' title='bbox 492 1242 768 1332; x_wconf 76' lang='lat' dir='ltr'>Collectiones</span> <span class='ocrx_word' id='word_1_61' title='bbox 794 1239 911 1329; x_wconf 90' lang='lat' dir='ltr'>sunt.</span> <span class='ocrx_word' id='word_1_62' title='bbox 943 1243 978 1323; x_wconf 82' lang='lat' dir='ltr'>E</span> <span class='ocrx_word' id='word_1_63' title='bbox 1004 1242 1167 1331; x_wconf 76' lang='lat' dir='ltr'>diverso</span> <span class='ocrx_word' id='word_1_64' title='bbox 1193 1245 1293 1331; x_wconf 77' lang='lat' dir='ltr'>verb</span> <span class='ocrx_word' id='word_1_65' title='bbox 1324 1244 1432 1328; x_wconf 85' lang='lat' dir='ltr'>Feila</span> <span class='ocrx_word' id='word_1_66' title='bbox 1458 1247 1688 1327; x_wconf 77' lang='lat' dir='ltr'>Sanctorum</span> 
     </span>
     <span class='ocr_line' id='line_1_9' title="bbox 185 1355 1689 1468; baseline -0.004 -25"><span class='ocrx_word' id='word_1_67' title='bbox 185 1361 393 1445; x_wconf 85' lang='lat' dir='ltr'>Vincentii</span> <span class='ocrx_word' id='word_1_68' title='bbox 423 1357 575 1445; x_wconf 84' lang='lat' dir='ltr'>Leuitae</span> <span class='ocrx_word' id='word_1_69' title='bbox 607 1360 811 1448; x_wconf 80' lang='lat' dir='ltr'>Valentini</span> <span class='ocrx_word' id='word_1_70' title='bbox 848 1361 1039 1468; x_wconf 89' lang='lat' dir='ltr'>Martyris</span> <span class='ocrx_word' id='word_1_71' title='bbox 1070 1416 1084 1463; x_wconf 85' lang='lat'>,</span> <span class='ocrx_word' id='word_1_72' title='bbox 1116 1355 1319 1446; x_wconf 85' lang='lat' dir='ltr'>Leocadiae</span> <span class='ocrx_word' id='word_1_73' title='bbox 1341 1357 1579 1456; x_wconf 73' lang='lat' dir='ltr'>Toletane·,</span> <span class='ocrx_word' id='word_1_74' title='bbox 1608 1359 1689 1438; x_wconf 88' lang='lat' dir='ltr'>Eu-</span> 
     </span>
     <span class='ocr_line' id='line_1_10' title="bbox 183 1473 1687 1592; baseline -0.004 -34"><span class='ocrx_word' id='word_1_75' title='bbox 183 1473 278 1559; x_wconf 75' lang='lat' dir='ltr'>laliae</span> <span class='ocrx_word' id='word_1_76' title='bbox 307 1477 591 1577; x_wconf 65' lang='lat' dir='ltr'>Emeritensis,</span> <span class='ocrx_word' id='word_1_77' title='bbox 619 1475 817 1563; x_wconf 75' lang='lat' dir='ltr'>Frudluost</span> <span class='ocrx_word' id='word_1_78' title='bbox 835 1478 904 1579; x_wconf 67' lang='lat' dir='ltr'>a&amp;</span> <span class='ocrx_word' id='word_1_79' title='bbox 932 1477 1130 1576; x_wconf 86' lang='lat' dir='ltr'>aliorum,</span> <span class='ocrx_word' id='word_1_80' title='bbox 1152 1477 1221 1592; x_wconf 91' lang='lat' dir='ltr'>qui</span> <span class='ocrx_word' id='word_1_81' title='bbox 1245 1475 1338 1562; x_wconf 74' lang='lat' dir='ltr'>rere</span> <span class='ocrx_word' id='word_1_82' title='bbox 1371 1478 1435 1590; x_wconf 87' lang='lat' dir='ltr'>(rr</span> <span class='ocrx_word' id='word_1_83' title='bbox 1451 1475 1687 1558; x_wconf 80' lang='lat' dir='ltr'>lilanchinus</span> 
     </span>
    </p>
   </div>
   <div class='ocr_carea' id='block_1_3' title="bbox 29 1588 1691 1706">
    <p class='ocr_par' dir='ltr' id='par_1_4' title="bbox 29 1588 1691 1706">
     <span class='ocr_line' id='line_1_11' title="bbox 29 1588 1691 1706; baseline -0.002 -28"><span class='ocrx_word' id='word_1_84' title='bbox 29 1625 36 1641; x_wconf 88' lang='lat'><strong>·</strong></span> <span class='ocrx_word' id='word_1_85' title='bbox 175 1593 254 1706; x_wconf 87' lang='lat' dir='ltr'>ait)</span> <span class='ocrx_word' id='word_1_86' title='bbox 288 1588 454 1702; x_wconf 84' lang='lat' dir='ltr'>Hispani</span> <span class='ocrx_word' id='word_1_87' title='bbox 480 1592 603 1695; x_wconf 77' lang='lat' dir='ltr'>sunt,</span> <span class='ocrx_word' id='word_1_88' title='bbox 632 1595 817 1692; x_wconf 82' lang='lat' dir='ltr'>vicenas,</span> <span class='ocrx_word' id='word_1_89' title='bbox 843 1588 1043 1678; x_wconf 89' lang='lat' dir='ltr'>interdum</span> <span class='ocrx_word' id='word_1_90' title='bbox 1071 1593 1200 1706; x_wconf 84' lang='lat' dir='ltr'>plures</span> <span class='ocrx_word' id='word_1_91' title='bbox 1224 1597 1266 1677; x_wconf 94' lang='lat' dir='ltr'>in</span> <span class='ocrx_word' id='word_1_92' title='bbox 1284 1621 1334 1678; x_wconf 90' lang='lat' dir='ltr'>eo</span> <span class='ocrx_word' id='word_1_93' title='bbox 1352 1592 1505 1680; x_wconf 84' lang='lat' dir='ltr'>Codice</span> <span class='ocrx_word' id='word_1_94' title='bbox 1522 1590 1691 1674; x_wconf 86' lang='lat' dir='ltr'>Oratio-</span> 
     </span>
    </p>
   </div>
   <div class='ocr_carea' id='block_1_4' title="bbox 165 1703 1692 2634">
    <p class='ocr_par' dir='ltr' id='par_1_5' title="bbox 165 1703 1692 2634">
     <span class='ocr_line' id='line_1_12' title="bbox 170 1703 1687 1822; baseline -0.005 -28"><span class='ocrx_word' id='word_1_95' title='bbox 170 1736 240 1794; x_wconf 86' lang='lat' dir='ltr'>nes</span> <span class='ocrx_word' id='word_1_96' title='bbox 273 1707 453 1792; x_wconf 81' lang='lat' dir='ltr'>habent.</span> <span class='ocrx_word' id='word_1_97' title='bbox 491 1714 691 1795; x_wconf 73' lang='lat' dir='ltr'>Hadenus</span> <span class='ocrx_word' id='word_1_98' title='bbox 720 1707 890 1795; x_wconf 90' lang='lat' dir='ltr'>secundo</span> <span class='ocrx_word' id='word_1_99' title='bbox 919 1730 1066 1808; x_wconf 83' lang='lat' dir='ltr'>uento,</span> <span class='ocrx_word' id='word_1_100' title='bbox 1095 1705 1323 1822; x_wconf 83' lang='lat' dir='ltr'>plenisque,</span> <span class='ocrx_word' id='word_1_101' title='bbox 1351 1728 1394 1796; x_wconf 75' lang='lat' dir='ltr'>vt</span> <span class='ocrx_word' id='word_1_102' title='bbox 1424 1711 1565 1804; x_wconf 86' lang='lat' dir='ltr'>aiunt,</span> <span class='ocrx_word' id='word_1_103' title='bbox 1591 1703 1687 1790; x_wconf 86' lang='lat' dir='ltr'>velis</span> 
     </span>
     <span class='ocr_line' id='line_1_13' title="bbox 170 1819 1688 1945; baseline -0.001 -39"><span class='ocrx_word' id='word_1_104' title='bbox 170 1823 408 1945; x_wconf 46' lang='lat' dir='ltr'>&amp;chinus</span> <span class='ocrx_word' id='word_1_105' title='bbox 425 1845 440 1923; x_wconf 82' lang='lat'>3</span> <span class='ocrx_word' id='word_1_106' title='bbox 470 1824 601 1912; x_wconf 86' lang='lat' dir='ltr'>videat</span> <span class='ocrx_word' id='word_1_107' title='bbox 622 1821 747 1938; x_wconf 74' lang='lat' dir='ltr'>queso</span> <span class='ocrx_word' id='word_1_108' title='bbox 773 1847 932 1927; x_wconf 82' lang='lat' dir='ltr'>tamen,</span> <span class='ocrx_word' id='word_1_109' title='bbox 965 1826 1016 1909; x_wconf 75' lang='lat' dir='ltr'>nie</span> <span class='ocrx_word' id='word_1_110' title='bbox 1034 1825 1102 1938; x_wconf 82' lang='lat' dir='ltr'>ipsi</span> <span class='ocrx_word' id='word_1_111' title='bbox 1121 1825 1258 1912; x_wconf 89' lang='lat' dir='ltr'>medio</span> <span class='ocrx_word' id='word_1_112' title='bbox 1271 1823 1312 1905; x_wconf 91' lang='lat' dir='ltr'>in</span> <span class='ocrx_word' id='word_1_113' title='bbox 1338 1822 1446 1909; x_wconf 83' lang='lat' dir='ltr'>cursu</span> <span class='ocrx_word' id='word_1_114' title='bbox 1466 1819 1688 1909; x_wconf 81' lang='lat' dir='ltr'>haerendum</span> 
     </span>
     <span class='ocr_line' id='line_1_14' title="bbox 169 1934 1686 2059; baseline -0.003 -34"><span class='ocrx_word' id='word_1_115' title='bbox 169 1940 246 2025; x_wconf 78' lang='lat' dir='ltr'>fit.</span> <span class='ocrx_word' id='word_1_116' title='bbox 278 1941 315 2024; x_wconf 90' lang='lat' dir='ltr'>Is</span> <span class='ocrx_word' id='word_1_117' title='bbox 336 1936 417 2052; x_wconf 84' lang='lat' dir='ltr'>ipse</span> <span class='ocrx_word' id='word_1_118' title='bbox 439 1941 490 2026; x_wconf 89' lang='lat' dir='ltr'>de</span> <span class='ocrx_word' id='word_1_119' title='bbox 513 1970 594 2052; x_wconf 90' lang='lat' dir='ltr'>quo</span> <span class='ocrx_word' id='word_1_120' title='bbox 610 1942 811 2059; x_wconf 91' lang='lat' dir='ltr'>loquimur</span> <span class='ocrx_word' id='word_1_121' title='bbox 830 1939 1003 2029; x_wconf 87' lang='lat' dir='ltr'>Libe-llus</span> <span class='ocrx_word' id='word_1_122' title='bbox 1032 1942 1102 2055; x_wconf 80' lang='lat' dir='ltr'>(b)</span> <span class='ocrx_word' id='word_1_123' title='bbox 1131 1949 1171 2026; x_wconf 91' lang='lat' dir='ltr'>in</span> <span class='ocrx_word' id='word_1_124' title='bbox 1189 1936 1286 2028; x_wconf 86' lang='lat' dir='ltr'>festo</span> <span class='ocrx_word' id='word_1_125' title='bbox 1299 1943 1531 2025; x_wconf 80' lang='lat' dir='ltr'>Sannorum</span> <span class='ocrx_word' id='word_1_126' title='bbox 1546 1934 1686 2024; x_wconf 86' lang='lat' dir='ltr'>Aciscli</span> 
     </span>
     <span class='ocr_line' id='line_1_15' title="bbox 174 2053 1687 2170; baseline 0.001 -33"><span class='ocrx_word' id='word_1_127' title='bbox 174 2057 213 2137; x_wconf 89' lang='lat'>&amp;</span> <span class='ocrx_word' id='word_1_128' title='bbox 236 2056 475 2155; x_wconf 88' lang='lat' dir='ltr'>Sociorum,</span> <span class='ocrx_word' id='word_1_129' title='bbox 505 2078 675 2170; x_wconf 89' lang='lat' dir='ltr'>quatuor</span> <span class='ocrx_word' id='word_1_130' title='bbox 700 2060 855 2146; x_wconf 82' lang='lat' dir='ltr'>tantum</span> <span class='ocrx_word' id='word_1_131' title='bbox 882 2057 1151 2145; x_wconf 78' lang='lat' dir='ltr'>Collectiones</span> <span class='ocrx_word' id='word_1_132' title='bbox 1176 2057 1253 2141; x_wconf 81' lang='lat' dir='ltr'>slve</span> <span class='ocrx_word' id='word_1_133' title='bbox 1276 2057 1491 2143; x_wconf 81' lang='lat' dir='ltr'>Orationes</span> <span class='ocrx_word' id='word_1_134' title='bbox 1510 2053 1687 2152; x_wconf 77' lang='lat' dir='ltr'>exbibet,</span> 
     </span>
     <span class='ocr_line' id='line_1_16' title="bbox 171 2166 1687 2287; baseline -0.003 -33"><span class='ocrx_word' id='word_1_135' title='bbox 171 2199 265 2282; x_wconf 87' lang='lat' dir='ltr'>quas</span> <span class='ocrx_word' id='word_1_136' title='bbox 294 2172 514 2257; x_wconf 90' lang='lat' dir='ltr'>Dominico</span> <span class='ocrx_word' id='word_1_137' title='bbox 547 2178 678 2285; x_wconf 92' lang='lat' dir='ltr'>potius</span> <span class='ocrx_word' id='word_1_138' title='bbox 703 2175 945 2274; x_wconf 82' lang='lat' dir='ltr'>Adventui,</span> <span class='ocrx_word' id='word_1_139' title='bbox 974 2180 1014 2259; x_wconf 93' lang='lat' dir='ltr'>in</span> <span class='ocrx_word' id='word_1_140' title='bbox 1041 2173 1152 2287; x_wconf 93' lang='lat' dir='ltr'>quod</span> <span class='ocrx_word' id='word_1_141' title='bbox 1182 2193 1334 2284; x_wconf 87' lang='lat' dir='ltr'>tempus</span> <span class='ocrx_word' id='word_1_142' title='bbox 1361 2171 1526 2285; x_wconf 84' lang='lat' dir='ltr'>ipsorum</span> <span class='ocrx_word' id='word_1_143' title='bbox 1558 2166 1687 2275; x_wconf 80' lang='lat' dir='ltr'>natale</span> 
     </span>
     <span class='ocr_line' id='line_1_17' title="bbox 175 2285 1690 2403; baseline 0.001 -35"><span class='ocrx_word' id='word_1_144' title='bbox 175 2287 374 2386; x_wconf 81' lang='lat' dir='ltr'>incurrit,</span> <span class='ocrx_word' id='word_1_145' title='bbox 403 2292 522 2401; x_wconf 82' lang='lat' dir='ltr'>quim</span> <span class='ocrx_word' id='word_1_146' title='bbox 543 2295 772 2403; x_wconf 80' lang='lat' dir='ltr'>Martyrum</span> <span class='ocrx_word' id='word_1_147' title='bbox 801 2291 1051 2379; x_wconf 84' lang='lat' dir='ltr'>sollemnitati</span> <span class='ocrx_word' id='word_1_148' title='bbox 1076 2290 1223 2376; x_wconf 80' lang='lat' dir='ltr'>merit-b</span> <span class='ocrx_word' id='word_1_149' title='bbox 1240 2285 1513 2401; x_wconf 85' lang='lat' dir='ltr'>adscripseris.</span> <span class='ocrx_word' id='word_1_150' title='bbox 1545 2289 1690 2372; x_wconf 77' lang='lat' dir='ltr'>Prata·</span> 
     </span>
     <span class='ocr_line' id='line_1_18' title="bbox 165 2403 1692 2499; baseline 0 -14"><span class='ocrx_word' id='word_1_151' title='bbox 165 2429 236 2486; x_wconf 80' lang='lat' dir='ltr'>rea</span> <span class='ocrx_word' id='word_1_152' title='bbox 267 2407 306 2486; x_wconf 90' lang='lat' dir='ltr'>in</span> <span class='ocrx_word' id='word_1_153' title='bbox 336 2403 447 2488; x_wconf 85' lang='lat' dir='ltr'>Fello</span> <span class='ocrx_word' id='word_1_154' title='bbox 472 2409 702 2492; x_wconf 77' lang='lat' dir='ltr'>Sanctorum</span> <span class='ocrx_word' id='word_1_155' title='bbox 729 2405 821 2490; x_wconf 88' lang='lat' dir='ltr'>Iulli</span> <span class='ocrx_word' id='word_1_156' title='bbox 849 2408 1080 2492; x_wconf 81' lang='lat' dir='ltr'>&amp;Paliuris</span> <span class='ocrx_word' id='word_1_157' title='bbox 1108 2410 1261 2492; x_wconf 85' lang='lat' dir='ltr'>unicam</span> <span class='ocrx_word' id='word_1_158' title='bbox 1285 2423 1440 2491; x_wconf 88' lang='lat' dir='ltr'>tantum</span> <span class='ocrx_word' id='word_1_159' title='bbox 1468 2405 1692 2499; x_wconf 84' lang='lat' dir='ltr'>orationem</span> 
     </span>
     <span class='ocr_line' id='line_1_19' title="bbox 169 2513 1690 2634; baseline -0.001 -31"><span class='ocrx_word' id='word_1_160' title='bbox 169 2528 373 2634; x_wconf 81' lang='lat' dir='ltr'>propriam</span> <span class='ocrx_word' id='word_1_161' title='bbox 403 2549 494 2607; x_wconf 90' lang='lat' dir='ltr'>cum</span> <span class='ocrx_word' id='word_1_162' title='bbox 526 2524 801 2610; x_wconf 71' lang='lat' dir='ltr'>benedictione</span> <span class='ocrx_word' id='word_1_163' title='bbox 818 2523 993 2608; x_wconf 88' lang='lat' dir='ltr'>Libellus</span> <span class='ocrx_word' id='word_1_164' title='bbox 1016 2513 1161 2633; x_wconf 78' lang='lat' dir='ltr'>affert3</span> <span class='ocrx_word' id='word_1_165' title='bbox 1193 2543 1322 2609; x_wconf 86' lang='lat' dir='ltr'>ternas</span> <span class='ocrx_word' id='word_1_166' title='bbox 1344 2524 1469 2620; x_wconf 76' lang='lat' dir='ltr'>verb,</span> <span class='ocrx_word' id='word_1_167' title='bbox 1498 2515 1690 2605; x_wconf 80' lang='lat' dir='ltr'>summum</span> 
     </span>
    </p>
   </div>
   <div class='ocr_carea' id='block_1_5' title="bbox 165 2631 1829 2742">
    <p class='ocr_par' dir='ltr' id='par_1_6' title="bbox 165 2631 1829 2742">
     <span class='ocr_line' id='line_1_20' title="bbox 165 2631 1829 2742; baseline -0.013 -6"><span class='ocrx_word' id='word_1_168' title='bbox 165 2658 378 2742; x_wconf 63' lang='lat' dir='ltr'>‘Materna‘</span> <span class='ocrx_word' id='word_1_169' title='bbox 407 2638 772 2738; x_wconf 65' lang='lat' dir='ltr'>diastematum,</span> <span class='ocrx_word' id='word_1_170' title='bbox 802 2667 850 2724; x_wconf 82' lang='lat' dir='ltr'>ex</span> <span class='ocrx_word' id='word_1_171' title='bbox 883 2635 995 2723; x_wconf 77' lang='lat' dir='ltr'>Mill&#39;a</span> <span class='ocrx_word' id='word_1_172' title='bbox 1022 2643 1251 2726; x_wconf 63' lang='lat' dir='ltr'>Sanctorum</span> <span class='ocrx_word' id='word_1_173' title='bbox 1280 2633 1495 2725; x_wconf 86' lang='lat' dir='ltr'>infantium</span> <span class='ocrx_word' id='word_1_174' title='bbox 1523 2689 1537 2733; x_wconf 78' lang='lat'>,</span> <span class='ocrx_word' id='word_1_175' title='bbox 1565 2633 1607 2719; x_wconf 94' lang='lat' dir='ltr'>id</span> <span class='ocrx_word' id='word_1_176' title='bbox 1635 2631 1690 2718; x_wconf 91' lang='lat' dir='ltr'>est</span> <span class='ocrx_word' id='word_1_177' title='bbox 1827 2660 1829 2665; x_wconf 44' lang='lat'><strong>¹</strong></span> 
     </span>
    </p>
   </div>
   <div class='ocr_carea' id='block_1_6' title="bbox 95 2749 1691 4396">
    <p class='ocr_par' dir='ltr' id='par_1_7' title="bbox 95 2749 1691 4396">
     <span class='ocr_line' id='line_1_21' title="bbox 166 2749 1691 2874; baseline 0.002 -46"><span class='ocrx_word' id='word_1_178' title='bbox 166 2749 481 2854; x_wconf 77' lang='lat' dir='ltr'>Innocentium,</span> <span class='ocrx_word' id='word_1_179' title='bbox 510 2756 765 2842; x_wconf 82' lang='lat' dir='ltr'>desumendas</span> <span class='ocrx_word' id='word_1_180' title='bbox 793 2762 965 2868; x_wconf 84' lang='lat' dir='ltr'>praecipit</span> <span class='ocrx_word' id='word_1_181' title='bbox 992 2755 1016 2863; x_wconf 86' lang='lat'>(</span> <span class='ocrx_word' id='word_1_182' title='bbox 1027 2761 1121 2874; x_wconf 82' lang='lat' dir='ltr'>c)3</span> <span class='ocrx_word' id='word_1_183' title='bbox 1154 2753 1305 2868; x_wconf 83' lang='lat' dir='ltr'>prorsus</span> <span class='ocrx_word' id='word_1_184' title='bbox 1335 2778 1378 2843; x_wconf 88' lang='lat' dir='ltr'>ut</span> <span class='ocrx_word' id='word_1_185' title='bbox 1399 2752 1450 2840; x_wconf 69' lang='lat' dir='ltr'>niz</span> <span class='ocrx_word' id='word_1_186' title='bbox 1474 2754 1691 2839; x_wconf 71' lang='lat' dir='ltr'>coniunttoe</span> 
     </span>
     <span class='ocr_line' id='line_1_22' title="bbox 110 2865 1690 2979; baseline -0.001 -32"><span class='ocrx_word' id='word_1_187' title='bbox 110 2969 113 2976; x_wconf 21' lang='grc' dir='ltr'>Ι</span> <span class='ocrx_word' id='word_1_188' title='bbox 170 2865 336 2977; x_wconf 86' lang='lat' dir='ltr'>quidem</span> <span class='ocrx_word' id='word_1_189' title='bbox 366 2869 627 2979; x_wconf 87' lang='lat' dir='ltr'>septenarium</span> <span class='ocrx_word' id='word_1_190' title='bbox 661 2898 870 2953; x_wconf 91' lang='lat' dir='ltr'>numerum</span> <span class='ocrx_word' id='word_1_191' title='bbox 902 2870 1121 2978; x_wconf 83' lang='lat' dir='ltr'>impleant.</span> <span class='ocrx_word' id='word_1_192' title='bbox 1164 2878 1251 2957; x_wconf 87' lang='lat' dir='ltr'>Nec</span> <span class='ocrx_word' id='word_1_193' title='bbox 1280 2873 1373 2957; x_wconf 76' lang='lat' dir='ltr'>ideo</span> <span class='ocrx_word' id='word_1_194' title='bbox 1409 2891 1536 2957; x_wconf 86' lang='lat' dir='ltr'>tamen</span> <span class='ocrx_word' id='word_1_195' title='bbox 1562 2872 1690 2952; x_wconf 89' lang='lat' dir='ltr'>minus</span> 
     </span>
     <span class='ocr_line' id='line_1_23' title="bbox 173 2981 1691 3098; baseline 0.003 -36"><span class='ocrx_word' id='word_1_196' title='bbox 173 2986 326 3093; x_wconf 79' lang='lat' dir='ltr'>priores</span> <span class='ocrx_word' id='word_1_197' title='bbox 354 2981 443 3066; x_wconf 94' lang='lat' dir='ltr'>illos</span> <span class='ocrx_word' id='word_1_198' title='bbox 473 2986 671 3094; x_wconf 85' lang='lat' dir='ltr'>Martyres</span> <span class='ocrx_word' id='word_1_199' title='bbox 690 2983 1038 3085; x_wconf 79' lang='lat' dir='ltr'>Cordubenlibus,</span> <span class='ocrx_word' id='word_1_200' title='bbox 1069 2986 1305 3098; x_wconf 89' lang='lat' dir='ltr'>polleriorcs</span> <span class='ocrx_word' id='word_1_201' title='bbox 1335 3009 1464 3074; x_wconf 88' lang='lat' dir='ltr'>autem</span> <span class='ocrx_word' id='word_1_202' title='bbox 1498 2989 1567 3071; x_wconf 88' lang='lat' dir='ltr'>hos</span> <span class='ocrx_word' id='word_1_203' title='bbox 1585 2987 1691 3069; x_wconf 90' lang='lat' dir='ltr'>Ger·</span> 
     </span>
     <span class='ocr_line' id='line_1_24' title="bbox 173 3095 1690 3214; baseline 0.001 -32"><span class='ocrx_word' id='word_1_204' title='bbox 173 3122 308 3182; x_wconf 87' lang='lat' dir='ltr'>manos</span> <span class='ocrx_word' id='word_1_205' title='bbox 347 3095 485 3184; x_wconf 86' lang='lat' dir='ltr'>fratres</span> <span class='ocrx_word' id='word_1_206' title='bbox 517 3100 871 3211; x_wconf 83' lang='lat' dir='ltr'>Complutenfibus</span> <span class='ocrx_word' id='word_1_207' title='bbox 898 3096 1208 3190; x_wconf 83' lang='lat' dir='ltr'>adnumerandos</span> <span class='ocrx_word' id='word_1_208' title='bbox 1234 3104 1471 3192; x_wconf 80' lang='lat' dir='ltr'>Blan&#39;cbinus</span> <span class='ocrx_word' id='word_1_209' title='bbox 1510 3095 1589 3214; x_wconf 87' lang='lat' dir='ltr'>ipse</span> <span class='ocrx_word' id='word_1_210' title='bbox 1617 3127 1690 3186; x_wconf 91' lang='lat' dir='ltr'>no-</span> 
     </span>
     <span class='ocr_line' id='line_1_25' title="bbox 95 3209 1617 3325; baseline 0.004 -28"><span class='ocrx_word' id='word_1_211' title='bbox 95 3277 98 3281; x_wconf 71' lang='lat'><strong>·</strong></span> <span class='ocrx_word' id='word_1_212' title='bbox 157 3209 321 3325; x_wconf 23' lang='lat' dir='ltr'>pblicum</span> <span class='ocrx_word' id='word_1_213' title='bbox 353 3211 565 3323; x_wconf 80' lang='lat' dir='ltr'>agnoscet.</span> <span class='ocrx_word' id='word_1_214' title='bbox 597 3213 676 3298; x_wconf 86' lang='lat' dir='ltr'>Sed</span> <span class='ocrx_word' id='word_1_215' title='bbox 702 3213 906 3300; x_wconf 86' lang='lat' dir='ltr'>leuiahaec</span> <span class='ocrx_word' id='word_1_216' title='bbox 933 3215 1049 3302; x_wconf 89' lang='lat' dir='ltr'>sunt.</span> <span class='ocrx_word' id='word_1_217' title='bbox 1616 3235 1617 3239; x_wconf 69' lang='lat'><em>&#39;</em></span> 
     </span>
     <span class='ocr_line' id='line_1_26' title="bbox 288 3327 1687 3445; baseline 0.001 -31"><span class='ocrx_word' id='word_1_218' title='bbox 288 3329 400 3416; x_wconf 87' lang='lat' dir='ltr'>Felix</span> <span class='ocrx_word' id='word_1_219' title='bbox 418 3327 860 3441; x_wconf 86' lang='lat' dir='ltr'>GerundenlisMartyr</span> <span class='ocrx_word' id='word_1_220' title='bbox 891 3339 929 3415; x_wconf 90' lang='lat' dir='ltr'>in</span> <span class='ocrx_word' id='word_1_221' title='bbox 966 3362 1015 3418; x_wconf 88' lang='lat' dir='ltr'>eo</span> <span class='ocrx_word' id='word_1_222' title='bbox 1044 3361 1160 3445; x_wconf 90' lang='lat' dir='ltr'>quem</span> <span class='ocrx_word' id='word_1_223' title='bbox 1191 3330 1417 3418; x_wconf 86' lang='lat' dir='ltr'>dicebamus</span> <span class='ocrx_word' id='word_1_224' title='bbox 1446 3339 1687 3422; x_wconf 80' lang='lat' dir='ltr'>Orationem</span> 
     </span>
     <span class='ocr_line' id='line_1_27' title="bbox 170 3445 1688 3564; baseline 0.003 -35"><span class='ocrx_word' id='word_1_225' title='bbox 170 3445 357 3545; x_wconf 81' lang='lat' dir='ltr'>Libello,</span> <span class='ocrx_word' id='word_1_226' title='bbox 398 3466 540 3558; x_wconf 83' lang='lat' dir='ltr'>prater</span> <span class='ocrx_word' id='word_1_227' title='bbox 577 3446 898 3531; x_wconf 74' lang='lat' dir='ltr'>Benedidionem</span> <span class='ocrx_word' id='word_1_228' title='bbox 925 3452 1115 3535; x_wconf 83' lang='lat' dir='ltr'>terdecim</span> <span class='ocrx_word' id='word_1_229' title='bbox 1157 3452 1332 3564; x_wconf 88' lang='lat' dir='ltr'>proprias</span> <span class='ocrx_word' id='word_1_230' title='bbox 1361 3459 1560 3536; x_wconf 86' lang='lat' dir='ltr'>orationes</span> <span class='ocrx_word' id='word_1_231' title='bbox 1590 3479 1688 3533; x_wconf 84' lang='lat' dir='ltr'>enu-</span> 
     </span>
     <span class='ocr_line' id='line_1_28' title="bbox 169 3558 1690 3678; baseline 0.002 -33"><span class='ocrx_word' id='word_1_232' title='bbox 169 3582 324 3662; x_wconf 82' lang='lat' dir='ltr'>merac;</span> <span class='ocrx_word' id='word_1_233' title='bbox 355 3561 499 3675; x_wconf 90' lang='lat' dir='ltr'>quibus</span> <span class='ocrx_word' id='word_1_234' title='bbox 524 3579 693 3678; x_wconf 90' lang='lat' dir='ltr'>quatuor</span> <span class='ocrx_word' id='word_1_235' title='bbox 716 3558 796 3649; x_wconf 82' lang='lat' dir='ltr'>alirc</span> <span class='ocrx_word' id='word_1_236' title='bbox 819 3563 960 3655; x_wconf 86' lang='lat' dir='ltr'>itidem</span> <span class='ocrx_word' id='word_1_237' title='bbox 988 3595 1075 3651; x_wconf 90' lang='lat' dir='ltr'>cum</span> <span class='ocrx_word' id='word_1_238' title='bbox 1102 3567 1389 3656; x_wconf 74' lang='lat' dir='ltr'>Benedictione</span> <span class='ocrx_word' id='word_1_239' title='bbox 1420 3565 1585 3677; x_wconf 82' lang='lat' dir='ltr'>adiungi</span> <span class='ocrx_word' id='word_1_240' title='bbox 1615 3568 1690 3648; x_wconf 87' lang='lat' dir='ltr'>de·</span> 
     </span>
     <span class='ocr_line' id='line_1_29' title="bbox 134 3673 1688 3794; baseline 0.001 -34"><span class='ocrx_word' id='word_1_241' title='bbox 134 3676 269 3778; x_wconf 36' lang='lat' dir='ltr'>‘beot</span> <span class='ocrx_word' id='word_1_242' title='bbox 302 3729 318 3777; x_wconf 79' lang='lat'><strong>,</strong></span> <span class='ocrx_word' id='word_1_243' title='bbox 346 3704 430 3792; x_wconf 79' lang='lat' dir='ltr'>quae</span> <span class='ocrx_word' id='word_1_244' title='bbox 460 3677 531 3790; x_wconf 84' lang='lat' dir='ltr'>ipii</span> <span class='ocrx_word' id='word_1_245' title='bbox 554 3706 645 3764; x_wconf 86' lang='lat' dir='ltr'>cunr</span> <span class='ocrx_word' id='word_1_246' title='bbox 672 3680 821 3766; x_wconf 76' lang='lat' dir='ltr'>Sanctis</span> <span class='ocrx_word' id='word_1_247' title='bbox 853 3681 1079 3769; x_wconf 73' lang='lat' dir='ltr'>Maccabeis</span> <span class='ocrx_word' id='word_1_248' title='bbox 1109 3708 1330 3773; x_wconf 88' lang='lat' dir='ltr'>communes</span> <span class='ocrx_word' id='word_1_249' title='bbox 1372 3677 1502 3787; x_wconf 55' lang='lat' dir='ltr'>sunt&#39;3</span> <span class='ocrx_word' id='word_1_250' title='bbox 1533 3673 1688 3794; x_wconf 87' lang='lat' dir='ltr'>prorsus</span> 
     </span>
     <span class='ocr_line' id='line_1_30' title="bbox 175 3795 1689 3912; baseline 0.004 -38"><span class='ocrx_word' id='word_1_251' title='bbox 175 3811 219 3877; x_wconf 78' lang='lat' dir='ltr'>ut</span> <span class='ocrx_word' id='word_1_252' title='bbox 259 3803 437 3880; x_wconf 91' lang='lat' dir='ltr'>omnium</span> <span class='ocrx_word' id='word_1_253' title='bbox 470 3795 712 3881; x_wconf 76' lang='lat' dir='ltr'>coniunctim</span> <span class='ocrx_word' id='word_1_254' title='bbox 750 3825 931 3883; x_wconf 87' lang='lat' dir='ltr'>numerus</span> <span class='ocrx_word' id='word_1_255' title='bbox 962 3804 1285 3892; x_wconf 88' lang='lat' dir='ltr'>undevicenarius</span> <span class='ocrx_word' id='word_1_256' title='bbox 1323 3796 1367 3886; x_wconf 83' lang='lat' dir='ltr'>stt</span> <span class='ocrx_word' id='word_1_257' title='bbox 1397 3801 1529 3912; x_wconf 80' lang='lat' dir='ltr'>(d).</span> <span class='ocrx_word' id='word_1_258' title='bbox 1573 3796 1689 3881; x_wconf 87' lang='lat' dir='ltr'>Nihi-</span> 
     </span>
     <span class='ocr_line' id='line_1_31' title="bbox 169 3904 1688 4031; baseline 0.004 -42"><span class='ocrx_word' id='word_1_259' title='bbox 169 3904 337 4000; x_wconf 89' lang='lat' dir='ltr'>lominus</span> <span class='ocrx_word' id='word_1_260' title='bbox 368 3934 499 4004; x_wconf 88' lang='lat' dir='ltr'>tanren</span> <span class='ocrx_word' id='word_1_261' title='bbox 529 3909 697 3996; x_wconf 88' lang='lat' dir='ltr'>Cucufas</span> <span class='ocrx_word' id='word_1_262' title='bbox 729 3911 1021 4004; x_wconf 83' lang='lat' dir='ltr'>Barcinonentis</span> <span class='ocrx_word' id='word_1_263' title='bbox 1048 3922 1241 4031; x_wconf 80' lang='lat' dir='ltr'>Martyr,</span> <span class='ocrx_word' id='word_1_264' title='bbox 1270 3924 1340 4030; x_wconf 92' lang='lat' dir='ltr'>qui</span> <span class='ocrx_word' id='word_1_265' title='bbox 1374 3917 1520 4004; x_wconf 90' lang='lat' dir='ltr'>nedum</span> <span class='ocrx_word' id='word_1_266' title='bbox 1550 3913 1688 4001; x_wconf 86' lang='lat' dir='ltr'>Felicis</span> 
     </span>
     <span class='ocr_line' id='line_1_32' title="bbox 880 4038 1691 4116; baseline -0.007 -23"><span class='ocrx_word' id='word_1_267' title='bbox 880 4084 884 4093; x_wconf 87' lang='lat'>.</span> <span class='ocrx_word' id='word_1_268' title='bbox 1634 4038 1691 4116; x_wconf 64' lang='lat' dir='ltr'>ci.</span> 
     </span>
     <span class='ocr_line' id='line_1_33' title="bbox 170 4207 1690 4302; baseline 0.01 -28"><span class='ocrx_word' id='word_1_269' title='bbox 170 4209 246 4277; x_wconf 84' lang='lat' dir='ltr'>dem</span> <span class='ocrx_word' id='word_1_270' title='bbox 266 4207 349 4298; x_wconf 77' lang='lat' dir='ltr'>(fic)</span> <span class='ocrx_word' id='word_1_271' title='bbox 371 4209 526 4290; x_wconf 83' lang='lat' dir='ltr'>nunc,de</span> <span class='ocrx_word' id='word_1_272' title='bbox 538 4207 649 4299; x_wconf 84' lang='lat' dir='ltr'>quibus</span> <span class='ocrx_word' id='word_1_273' title='bbox 669 4207 733 4299; x_wconf 82' lang='lat' dir='ltr'>ipse</span> <span class='ocrx_word' id='word_1_274' title='bbox 757 4214 907 4291; x_wconf 74' lang='lat' dir='ltr'>&lt;Vmcen-</span> <span class='ocrx_word' id='word_1_275' title='bbox 965 4212 1172 4297; x_wconf 84' lang='lat' dir='ltr'>Vincentius,</span> <span class='ocrx_word' id='word_1_276' title='bbox 1196 4217 1270 4283; x_wconf 72' lang='lat' dir='ltr'>mall</span> <span class='ocrx_word' id='word_1_277' title='bbox 1284 4210 1375 4302; x_wconf 74' lang='lat' dir='ltr'>scifflt</span> <span class='ocrx_word' id='word_1_278' title='bbox 1397 4211 1690 4296; x_wconf 62' lang='lat' dir='ltr'>irtdumrrtabtptlf·</span> 
     </span>
     <span class='ocr_line' id='line_1_34' title="bbox 170 4298 1688 4396; baseline -0.002 -28"><span class='ocrx_word' id='word_1_279' title='bbox 170 4309 244 4378; x_wconf 81' lang='lat' dir='ltr'>tius)</span> <span class='ocrx_word' id='word_1_280' title='bbox 266 4298 438 4368; x_wconf 56' lang='lat' dir='ltr'>tleSlustst</span> <span class='ocrx_word' id='word_1_281' title='bbox 453 4300 906 4390; x_wconf 59' lang='lat' dir='ltr'>membrismdutbeatsragili·</span> <span class='ocrx_word' id='word_1_282' title='bbox 962 4315 1070 4388; x_wconf 77' lang='lat' dir='ltr'>muris,</span> <span class='ocrx_word' id='word_1_283' title='bbox 1097 4332 1182 4396; x_wconf 84' lang='lat' dir='ltr'>quem</span> <span class='ocrx_word' id='word_1_284' title='bbox 1197 4325 1255 4394; x_wconf 87' lang='lat' dir='ltr'>pro</span> <span class='ocrx_word' id='word_1_285' title='bbox 1281 4325 1311 4373; x_wconf 83' lang='lat' dir='ltr'>rr</span> <span class='ocrx_word' id='word_1_286' title='bbox 1343 4309 1525 4372; x_wconf 78' lang='lat' dir='ltr'>dimicantem</span> <span class='ocrx_word' id='word_1_287' title='bbox 1552 4305 1688 4386; x_wconf 70' lang='lat' dir='ltr'>martyrii</span> 
     </span>
    </p>
   </div>
   <div class='ocr_carea' id='block_1_7' title="bbox 161 4389 1692 5209">
    <p class='ocr_par' dir='ltr' id='par_1_8' title="bbox 167 4389 1689 4668">
     <span class='ocr_line' id='line_1_35' title="bbox 167 4389 1689 4484; baseline 0.001 -26"><span class='ocrx_word' id='word_1_288' title='bbox 167 4399 421 4477; x_wconf 68' lang='lat' dir='ltr'>scripurarum,</span> <span class='ocrx_word' id='word_1_289' title='bbox 430 4395 735 4478; x_wconf 82' lang='lat' dir='ltr'>bumilitatigloriaur</span> <span class='ocrx_word' id='word_1_290' title='bbox 747 4393 810 4467; x_wconf 61' lang='lat' dir='ltr'>(rr.</span> <span class='ocrx_word' id='word_1_291' title='bbox 824 4395 903 4462; x_wconf 86' lang='lat' dir='ltr'>item</span> <span class='ocrx_word' id='word_1_292' title='bbox 964 4424 1064 4468; x_wconf 76' lang='lat' dir='ltr'>cruore</span> <span class='ocrx_word' id='word_1_293' title='bbox 1087 4404 1217 4484; x_wconf 73' lang='lat' dir='ltr'>respersu</span> <span class='ocrx_word' id='word_1_294' title='bbox 1233 4402 1309 4481; x_wconf 73' lang='lat' dir='ltr'>stola</span> <span class='ocrx_word' id='word_1_295' title='bbox 1325 4399 1452 4477; x_wconf 80' lang='lat' dir='ltr'>induisti·</span> <span class='ocrx_word' id='word_1_296' title='bbox 1465 4398 1594 4464; x_wconf 80' lang='lat' dir='ltr'>drcorir.</span> <span class='ocrx_word' id='word_1_297' title='bbox 1619 4389 1689 4458; x_wconf 74' lang='lat' dir='ltr'>Nos</span> 
     </span>
     <span class='ocr_line' id='line_1_36' title="bbox 169 4479 1510 4575; baseline 0 -30"><span class='ocrx_word' id='word_1_298' title='bbox 169 4482 275 4564; x_wconf 81' lang='lat' dir='ltr'>paullo</span> <span class='ocrx_word' id='word_1_299' title='bbox 296 4479 421 4548; x_wconf 75' lang='lat' dir='ltr'>inferiis</span> <span class='ocrx_word' id='word_1_300' title='bbox 454 4479 483 4548; x_wconf 86' lang='lat' dir='ltr'>in</span> <span class='ocrx_word' id='word_1_301' title='bbox 505 4480 659 4550; x_wconf 85' lang='lat' dir='ltr'>Oratione</span> <span class='ocrx_word' id='word_1_302' title='bbox 682 4509 749 4575; x_wconf 74' lang='lat' dir='ltr'>qua</span> <span class='ocrx_word' id='word_1_303' title='bbox 772 4483 902 4568; x_wconf 85' lang='lat' dir='ltr'>incipit:</span> <span class='ocrx_word' id='word_1_304' title='bbox 963 4505 1066 4556; x_wconf 82' lang='lat' dir='ltr'>tamen</span> <span class='ocrx_word' id='word_1_305' title='bbox 1089 4484 1164 4553; x_wconf 84' lang='lat' dir='ltr'>nihii</span> <span class='ocrx_word' id='word_1_306' title='bbox 1189 4487 1227 4552; x_wconf 84' lang='lat' dir='ltr'>de</span> <span class='ocrx_word' id='word_1_307' title='bbox 1249 4487 1307 4551; x_wconf 88' lang='lat' dir='ltr'>boo</span> <span class='ocrx_word' id='word_1_308' title='bbox 1329 4481 1510 4550; x_wconf 83' lang='lat' dir='ltr'>statuimus.</span> 
     </span>
     <span class='ocr_line' id='line_1_37' title="bbox 169 4575 1400 4668; baseline 0.01 -31"><span class='ocrx_word' id='word_1_309' title='bbox 169 4577 354 4658; x_wconf 74' lang='lat' dir='ltr'>Otrrulpotrru</span> <span class='ocrx_word' id='word_1_310' title='bbox 368 4576 447 4639; x_wconf 82' lang='lat' dir='ltr'>Deus</span> <span class='ocrx_word' id='word_1_311' title='bbox 467 4581 522 4659; x_wconf 83' lang='lat' dir='ltr'>qui</span> <span class='ocrx_word' id='word_1_312' title='bbox 535 4580 706 4662; x_wconf 67' lang='lat' dir='ltr'>Martyron</span> <span class='ocrx_word' id='word_1_313' title='bbox 730 4575 793 4648; x_wconf 63' lang='lat' dir='ltr'>(rc.</span> <span class='ocrx_word' id='word_1_314' title='bbox 815 4578 901 4662; x_wconf 80' lang='lat' dir='ltr'>(Parg-</span> <span class='ocrx_word' id='word_1_315' title='bbox 1006 4582 1063 4663; x_wconf 82' lang='lat' dir='ltr'>(a)</span> <span class='ocrx_word' id='word_1_316' title='bbox 1087 4586 1164 4668; x_wconf 74' lang='lat' dir='ltr'>Pag-</span> <span class='ocrx_word' id='word_1_317' title='bbox 1186 4575 1400 4662; x_wconf 68' lang='lat' dir='ltr'>130·(Jstq·</span> 
     </span>
    </p>

    <p class='ocr_par' dir='ltr' id='par_1_9' title="bbox 161 4659 1691 4936">
     <span class='ocr_line' id='line_1_38' title="bbox 171 4659 1691 4754; baseline 0.001 -28"><span class='ocrx_word' id='word_1_318' title='bbox 171 4671 252 4736; x_wconf 77' lang='grc' dir='ltr'><strong>σι.)</strong></span> <span class='ocrx_word' id='word_1_319' title='bbox 278 4661 395 4727; x_wconf 87' lang='lat' dir='ltr'>mentio</span> <span class='ocrx_word' id='word_1_320' title='bbox 418 4663 542 4729; x_wconf 81' lang='lat' dir='ltr'>ridetur</span> <span class='ocrx_word' id='word_1_321' title='bbox 571 4659 642 4729; x_wconf 86' lang='lat' dir='ltr'>ficri</span> <span class='ocrx_word' id='word_1_322' title='bbox 665 4667 795 4733; x_wconf 87' lang='lat' dir='ltr'>celebris</span> <span class='ocrx_word' id='word_1_323' title='bbox 818 4667 901 4732; x_wconf 81' lang='lat' dir='ltr'>illius</span> <span class='ocrx_word' id='word_1_324' title='bbox 1008 4676 1055 4748; x_wconf 76' lang='lat' dir='ltr'>(b)</span> <span class='ocrx_word' id='word_1_325' title='bbox 1080 4674 1157 4752; x_wconf 74' lang='lat' dir='ltr'>Peg.</span> <span class='ocrx_word' id='word_1_326' title='bbox 1184 4692 1212 4747; x_wconf 87' lang='grc' dir='ltr'>ς.</span> <span class='ocrx_word' id='word_1_327' title='bbox 1244 4667 1282 4738; x_wconf 58' lang='grc' dir='ltr'>ΟΝ</span> <span class='ocrx_word' id='word_1_328' title='bbox 1297 4672 1372 4754; x_wconf 82' lang='lat' dir='ltr'>seq·</span> <span class='ocrx_word' id='word_1_329' title='bbox 1402 4659 1565 4731; x_wconf 77' lang='lat' dir='ltr'>blanchin.</span> <span class='ocrx_word' id='word_1_330' title='bbox 1586 4673 1617 4734; x_wconf 81' lang='lat' dir='ltr'>in</span> <span class='ocrx_word' id='word_1_331' title='bbox 1643 4664 1691 4727; x_wconf 85' lang='lat' dir='ltr'>Iu·</span> 
     </span>
     <span class='ocr_line' id='line_1_39' title="bbox 170 4749 1690 4846; baseline 0.005 -30"><span class='ocrx_word' id='word_1_332' title='bbox 170 4749 254 4819; x_wconf 80' lang='lat' dir='ltr'>stola</span> <span class='ocrx_word' id='word_1_333' title='bbox 273 4750 430 4819; x_wconf 82' lang='lat' dir='ltr'>Vincentii</span> <span class='ocrx_word' id='word_1_334' title='bbox 454 4776 561 4820; x_wconf 89' lang='lat' dir='ltr'>cruore</span> <span class='ocrx_word' id='word_1_335' title='bbox 583 4751 734 4838; x_wconf 76' lang='lat' dir='ltr'>alpcrlia,</span> <span class='ocrx_word' id='word_1_336' title='bbox 766 4757 902 4824; x_wconf 88' lang='lat' dir='ltr'>summo·</span> <span class='ocrx_word' id='word_1_337' title='bbox 960 4766 1023 4828; x_wconf 79' lang='lat' dir='ltr'>dice</span> <span class='ocrx_word' id='word_1_338' title='bbox 1046 4764 1175 4846; x_wconf 75' lang='lat' dir='ltr'>Officirr·</span> <span class='ocrx_word' id='word_1_339' title='bbox 1198 4762 1385 4828; x_wconf 79' lang='lat' dir='ltr'>Oratiaurrii</span> <span class='ocrx_word' id='word_1_340' title='bbox 1407 4762 1484 4845; x_wconf 78' lang='lat' dir='ltr'>Pag·</span> <span class='ocrx_word' id='word_1_341' title='bbox 1509 4759 1636 4824; x_wconf 83' lang='lat' dir='ltr'><em>CXXII·</em></span> <span class='ocrx_word' id='word_1_342' title='bbox 1656 4752 1690 4814; x_wconf 88' lang='lat'>&amp;</span> 
     </span>
     <span class='ocr_line' id='line_1_40' title="bbox 161 4843 1615 4936; baseline 0.003 -28"><span class='ocrx_word' id='word_1_343' title='bbox 161 4856 231 4928; x_wconf 81' lang='lat' dir='ltr'>&#39;que</span> <span class='ocrx_word' id='word_1_344' title='bbox 250 4843 365 4910; x_wconf 86' lang='lat' dir='ltr'>honore</span> <span class='ocrx_word' id='word_1_345' title='bbox 383 4846 465 4927; x_wconf 83' lang='lat' dir='ltr'>apud</span> <span class='ocrx_word' id='word_1_346' title='bbox 477 4844 754 4933; x_wconf 79' lang='lat' dir='ltr'>Caet&#39;araugustanos</span> <span class='ocrx_word' id='word_1_347' title='bbox 778 4848 899 4927; x_wconf 75' lang='lat' dir='ltr'>habita,</span> <span class='ocrx_word' id='word_1_348' title='bbox 964 4854 1078 4920; x_wconf 72' lang='lat' dir='ltr'>Arrnrt·</span> <span class='ocrx_word' id='word_1_349' title='bbox 1106 4875 1159 4917; x_wconf 86' lang='lat' dir='ltr'>rr.</span> <span class='ocrx_word' id='word_1_350' title='bbox 1177 4855 1254 4936; x_wconf 73' lang='lat' dir='ltr'>pag.</span> <span class='ocrx_word' id='word_1_351' title='bbox 1278 4850 1470 4916; x_wconf 81' lang='lat' dir='ltr'>CXXXVII·</span> <span class='ocrx_word' id='word_1_352' title='bbox 1501 4844 1615 4933; x_wconf 66' lang='lat' dir='ltr'>&amp;siq-</span> 
     </span>
    </p>

    <p class='ocr_par' dir='ltr' id='par_1_10' title="bbox 169 4933 1692 5114">
     <span class='ocr_line' id='line_1_41' title="bbox 169 4933 1692 5027; baseline 0.005 -32"><span class='ocrx_word' id='word_1_353' title='bbox 169 4933 207 4998; x_wconf 85' lang='lat' dir='ltr'>de</span> <span class='ocrx_word' id='word_1_354' title='bbox 233 4956 292 5021; x_wconf 81' lang='lat' dir='ltr'>qua</span> <span class='ocrx_word' id='word_1_355' title='bbox 316 4935 530 5016; x_wconf 86' lang='lat' dir='ltr'>Prudentius,</span> <span class='ocrx_word' id='word_1_356' title='bbox 556 4935 713 5023; x_wconf 78' lang='lat' dir='ltr'>Eugenius</span> <span class='ocrx_word' id='word_1_357' title='bbox 732 4937 903 5005; x_wconf 84' lang='lat' dir='ltr'>Toleranus</span> <span class='ocrx_word' id='word_1_358' title='bbox 1009 4944 1087 5024; x_wconf 77' lang='lat' dir='ltr'>(c)</span> <span class='ocrx_word' id='word_1_359' title='bbox 1111 4948 1187 5027; x_wconf 73' lang='lat' dir='ltr'>Peg·</span> <span class='ocrx_word' id='word_1_360' title='bbox 1211 4960 1283 5018; x_wconf 82' lang='lat'><strong>¹30·</strong></span> <span class='ocrx_word' id='word_1_361' title='bbox 1309 4935 1345 5007; x_wconf 59' lang='lat' dir='ltr'>d*</span> <span class='ocrx_word' id='word_1_362' title='bbox 1369 4959 1418 5020; x_wconf 83' lang='lat' dir='ltr'>ap.</span> <span class='ocrx_word' id='word_1_363' title='bbox 1445 4936 1692 5006; x_wconf 70' lang='lat' dir='ltr'>branchiam,</span> 
     </span>
     <span class='ocr_line' id='line_1_42' title="bbox 169 5021 1326 5114; baseline 0.009 -27"><span class='ocrx_word' id='word_1_364' title='bbox 169 5021 305 5104; x_wconf 89' lang='lat' dir='ltr'>Iunior,</span> <span class='ocrx_word' id='word_1_365' title='bbox 326 5028 358 5092; x_wconf 83' lang='lat' dir='ltr'>dc</span> <span class='ocrx_word' id='word_1_366' title='bbox 370 5026 445 5092; x_wconf 80' lang='lat' dir='ltr'>alii.</span> <span class='ocrx_word' id='word_1_367' title='bbox 471 5029 575 5096; x_wconf 84' lang='lat' dir='ltr'>Verba</span> <span class='ocrx_word' id='word_1_368' title='bbox 589 5029 651 5094; x_wconf 70' lang='lat' dir='ltr'>hec</span> <span class='ocrx_word' id='word_1_369' title='bbox 670 5029 759 5096; x_wconf 84' lang='lat' dir='ltr'>l&#39;unr:</span> <span class='ocrx_word' id='word_1_370' title='bbox 783 5035 903 5109; x_wconf 77' lang='lat' dir='ltr'>tribur,</span> <span class='ocrx_word' id='word_1_371' title='bbox 965 5036 1065 5103; x_wconf 81' lang='lat' dir='ltr'>Indice</span> <span class='ocrx_word' id='word_1_372' title='bbox 1086 5038 1163 5114; x_wconf 72' lang='lat' dir='ltr'>Peg·</span> <span class='ocrx_word' id='word_1_373' title='bbox 1186 5033 1326 5098; x_wconf 80' lang='lat' dir='ltr'><em>CXXIX·</em></span> 
     </span>
    </p>

    <p class='ocr_par' dir='ltr' id='par_1_11' title="bbox 169 5109 1434 5209">
     <span class='ocr_line' id='line_1_43' title="bbox 169 5109 1434 5209; baseline 0.009 -31"><span class='ocrx_word' id='word_1_374' title='bbox 169 5109 336 5197; x_wconf 86' lang='lat' dir='ltr'>Domine,</span> <span class='ocrx_word' id='word_1_375' title='bbox 361 5138 396 5187; x_wconf 85' lang='lat' dir='ltr'>vt</span> <span class='ocrx_word' id='word_1_376' title='bbox 419 5126 609 5209; x_wconf 79' lang='lat' dir='ltr'>intercefflorrc</span> <span class='ocrx_word' id='word_1_377' title='bbox 626 5123 739 5208; x_wconf 64' lang='lat' dir='ltr'>fidula*</span> <span class='ocrx_word' id='word_1_378' title='bbox 753 5124 904 5206; x_wconf 59' lang='lat' dir='ltr'>rosor-ruet,</span> <span class='ocrx_word' id='word_1_379' title='bbox 1011 5123 1057 5201; x_wconf 80' lang='lat' dir='ltr'>(d</span> <span class='ocrx_word' id='word_1_380' title='bbox 1068 5124 1083 5206; x_wconf 87' lang='lat'>)</span> <span class='ocrx_word' id='word_1_381' title='bbox 1107 5127 1184 5206; x_wconf 82' lang='lat' dir='ltr'>l’ug.</span> <span class='ocrx_word' id='word_1_382' title='bbox 1203 5137 1277 5191; x_wconf 79' lang='lat'>127..</span> <span class='ocrx_word' id='word_1_383' title='bbox 1293 5115 1330 5189; x_wconf 62' lang='lat' dir='ltr'>(l</span> <span class='ocrx_word' id='word_1_384' title='bbox 1342 5123 1434 5208; x_wconf 74' lang='lat' dir='ltr'>seqq·</span> 
     </span>
    </p>
   </div>
   <div class='ocr_carea' id='block_1_8' title="bbox 0 0 2099 5904">
    <p class='ocr_par' dir='ltr' id='par_1_12' title="bbox 0 0 2099 5904">
     <span class='ocr_line' id='line_1_44' title="bbox 0 0 2099 5904; baseline 0 0"><span class='ocrx_word' id='word_1_385' title='bbox 0 0 2099 5904; x_wconf 95' lang='lat' dir='ltr'> </span> 
     </span>
    </p>
   </div>
  </div>
 </body>
</html>
