4184 5904
1735 343 1803 456 39

294 511 380 599 simi
406 516 596 630 Epistolas
623 528 821 634 provocat
850 516 943 636 (a).
979 513 1134 607 Verinn
1161 516 1240 599 non
1266 509 1333 596 hic
1357 511 1434 602 iam
1458 547 1548 607 cum
1574 550 1623 611 eo
1651 522 1703 613 de
1737 551 1807 638 pa-

293 632 566 724 rachronismo
592 635 660 723 sed
690 636 743 723 de
768 637 1061 722 enuntiationis
1091 634 1259 718 ueritate
1288 632 1486 742 agendum
1515 691 1530 739 ,
1573 640 1663 725 crint
1696 668 1810 754 aper·

295 751 440 841 tilsrme
466 756 632 840 Sinicius
657 757 695 839 bt
720 751 901 841 Zosimus
929 753 980 839 iis
1007 749 1096 866 ipfis
1123 773 1205 863 quae
1229 743 1254 831 ὲ
1281 746 1475 840 Merenda
1501 751 1719 867 allegantur
1749 757 1810 866 loq

289 873 373 971 cis,
401 869 532 958 forsan
556 874 678 958 etiam
705 873 745 957 dt
772 873 1060 969 innocentius,
1092 868 1134 950 in
1166 863 1242 948 alia
1268 863 1424 976 prorsus
1456 877 1589 958 omnia
1614 872 1809 961 abierint.

293 984 472 1076 Sillimus
493 985 626 1073 Siricii
655 990 776 1075 verba
806 983 904 1104 (i):
936 995 1170 1102 quicumque
1196 987 1337 1096 ituque
1348 984 1401 1103 se
1424 992 1592 1080 Ecclene
1617 994 1724 1080 aruit
1738 992 1807 1079 rb·

232 1110 243 1121 ’
275 1101 440 1219 sequiis
460 1105 489 1194 d
496 1103 588 1220 stud
609 1103 790 1221 s'nfirntid
811 1108 909 1196 unte
918 1106 1146 1222 pubertatis
1171 1124 1285 1186 annus
1314 1099 1517 1218 baptizari
1545 1106 1600 1206 (r
1626 1105 1811 1201 lesiorunt

288 1223 407 1313 debet
429 1220 644 1338 ministeriu
656 1222 814 1342 seriari
827 1283 839 1306 .
871 1223 1028 1309 Deinde
1057 1220 1184 1333 capite
1214 1211 1395 1331 sequenti
1424 1228 1590 1336 pergit:
1622 1226 1727 1348 ,Qui
1742 1255 1810 1316 ve·

287 1339 439 1429 rdiam
472 1359 591 1432 etate
606 1342 845 1455 grandevus
868 1343 1041 1430 melioris
1058 1330 1243 1454 prnrrstti
1266 1341 1549 1460 runnerssstirne
1579 1359 1746 1457 pronoen
1794 1373 1811 1430 r

295 1483 346 1544 en
363 1461 458 1547 laico
484 1457 538 1546 ud
552 1456 720 1576 screnum
740 1462 929 1550 militium
949 1462 1162 1574 peruenire
1170 1447 1339 1570 festinas
1352 1505 1383 1560 2,
1413 1453 1606 1543 desiderii
1635 1456 1696 1545 sui
1724 1365 1812 1546 ts:-

293 1620 328 1677 0,
359 1580 467 1660 uum
483 1600 568 1660 non
594 1573 711 1662 aliter
727 1573 926 1674 obtinebit
944 1631 959 1679 ,
975 1572 1044 1660 nis
1065 1599 1115 1658 eo
1139 1598 1218 1685 quo
1238 1568 1464 1684 baptizatur
1485 1591 1666 1686 tempore
1683 1576 1812 1664 statim

288 1739 327 1791 „
355 1691 571 1776 Ledlorum
602 1713 670 1781 aut
704 1689 993 1779 Exorciltarunr
1025 1690 1193 1780 nurnero
1216 1682 1389 1775 societur
1413 1719 1431 1803 3
1444 1688 1497 1807 ſs
1512 1713 1644 1782 tumen
1680 1720 1814 1786 euin..

293 1835 412 1895 unum
428 1803 603 1927 hubuiſje'
629 1813 695 1899 uei
706 1812 882 1911 habere,
912 1807 1045 1922 (quod
1072 1809 1241 1896 verbum
1264 1822 1406 1892 notare
1428 1810 1611 1926 oportet)
1640 1809 1695 1909 ὰ
1716 1817 1811 1904 hune
1897 1888 1900 1893 .

294 1930 489 2042 uirginem
506 1926 684 2046 uecepiffe
711 1925 848 2046 constet
863 1955 1041 2016 onerem.
1076 1931 1169 2012 Haec
1194 1930 1236 2011 in
1253 1916 1415 2033 praefatd
1431 1924 1608 2038 Epillolai
1629 1931 1809 2015 siricius.

409 2039 598 2155 Zofimus
617 2047 714 2132 verb
750 2054 791 2133 in
818 2072 863 2131 ea
888 2073 1004 2158 quarn
1027 2043 1078 2130 ad
1105 2038 1354 2153 Hesychiunt
1383 2039 1656 2129 Salonitanum
1688 2039 1805 2155 serio
1923 2141 1927 2146 v

291 2160 371 2258 stt,
401 2185 481 2244 non
513 2159 684 2246 multum
715 2162 764 2248 ab
792 2165 853 2248 his
874 2161 1068 2248 abludens
1098 2161 1194 2281 (e):
1225 2156 1317 2247 Her
1341 2180 1473 2251 nutent
1502 2157 1679 2276 (inquit)
1706 2166 1809 2248 itu

279 2276 450 2392 fingulis
464 2278 659 2393 gradibus
685 2279 920 2395 obstruenda
933 2278 1040 2398 stunt
1065 2299 1276 2394 tempora.
1314 2281 1365 2360 st
1396 2277 1449 2362 ab
1474 2275 1658 2392 infantia
1680 2281 1769 2367 Eccl
1790 2323 1811 2344 -

283 2394 454 2510 strslr'cis
476 2393 703 2514 ministeriis
725 2396 859 2486 nomen
882 2396 1039 2486 dederit
1061 2446 1076 2494 2
1102 2402 1214 2484 inter
1238 2389 1412 2482 Ledsrres
1444 2393 1569 2511 tsqud
1584 2394 1637 2479 nd
1669 2391 1809 2510 argest-

291 2538 399 2602 rnurn
426 2517 557 2603 etatis
583 2540 727 2602 annum
753 2515 985 2608 continuati
1004 2512 1264 2629 obseruatione
1275 2512 1469 2621 perduret
1488 2531 1503 2608 3
1518 2508 1569 2620 β
1591 2519 1728 2597 maior
1754 2509 1811 2608 ὣ

284 2630 522 2742 grandevus
549 2625 745 2737 uccefferit
760 2679 791 2721 „
819 2635 874 2710 ita
904 2651 1034 2708 tamen
1068 2646 1111 2711 rt
1130 2627 1219 2733 poll
1247 2622 1482 2731 baptismum
1507 2624 1633 2711 statinr
1664 2623 1702 2709 se
1733 2628 1812 2709 Di-

288 2790 325 2844 „
353 2741 453 2825 vinae
480 2736 628 2821 militie
657 2734 850 2823 desideret
876 2738 1127 2848 mancipari,
1141 2736 1231 2850 stne
1260 2747 1370 2831 inter
1396 2735 1565 2824 Leiieres
1581 2736 1671 2850 stre
1699 2743 1810 2831 inter

285 2853 499 2968 Enrreistus
519 2856 785 2966 quinquennio
811 2871 1019 2939 teneatur:
1039 2878 1051 2933 :
1068 2877 1112 2935 :r
1142 2855 1225 2940 Huc
1250 2874 1385 2941 autem
1415 2860 1498 2967 lege
1513 2850 1687 2966 firnuti
1718 2915 1732 2958 ,
1763 2876 1808 2945 nt

286 2999 410 3085 neque
426 2970 639 3086 digmus,
665 2993 789 3082 neque
806 2970 1030 3081 penitens,
1058 2992 1184 3083 neque
1206 2969 1335 3077 uiduae
1358 2976 1527 3062 neritus
1554 2977 1611 3060 ud
1631 2978 1692 3063 dus
1702 2999 1810 3088 gru7

288 3091 357 3180 dn‘r
373 3084 484 3205 prffls
506 3088 672 3176 admisti
683 3144 695 3167 .

291 3284 294 3291 .
405 3205 486 3292 Hic
520 3201 693 3314 primurn
719 3199 888 3288 observo
923 3200 1109 3287 Siriciuns
1139 3201 1418 3318 Zosrnruntque
1451 3203 1557 3292 circd
1590 3235 1657 3293 eos
1689 3209 1812 3322 quid

288 3327 423 3438 pueris
452 3314 629 3405 Ecclefiae
660 3313 699 3402 se
738 3318 991 3404 devoverunt
1022 3317 1119 3404 nihil
1161 3329 1317 3433 penitus
1349 3321 1410 3408 'de
1454 3323 1666 3409 intervallo
1695 3327 1809 3439 qnod

289 3445 313 3528 d
341 3430 535 3550 baptismo
559 3432 610 3521 ad
636 3433 880 3520 Clericatunr
906 3432 1152 3521 intercedere
1180 3435 1375 3524 Merenda
1401 3436 1564 3541 voluit,
1596 3461 1709 3552 atque
1743 3444 1805 3525 his

288 3551 548 3644 Pontificibus
577 3553 795 3651 attribuit,
824 3548 1079 3652 meminisse3
1110 3554 1175 3638 vbi
1205 3554 1302 3641 verb
1330 3549 1381 3639 ad
1407 3580 1473 3640 eos
1504 3575 1705 3668 pergunt,
1737 3585 1808 3667 qtt

288 3669 423 3759 adulti
450 3670 526 3756 ianr
556 3690 669 3758 atate
706 3666 815 3757 clero
838 3660 1003 3752 adscribi
1032 3666 1286 3771 desiderant,
1326 3673 1514 3769 Siriciuns
1538 3666 1805 3757 disertilsnnis

287 3788 423 3875 verbis
452 3819 493 3875 eu
521 3817 598 3903 quo
618 3788 883 3903 baptizantur
906 3803 1076 3898 tempure
1104 3788 1281 3905 ,statim
1305 3791 1503 3881 tentorum
1538 3809 1609 3876 aut
1645 3792 1807 3879 Exerci-

277 3901 437 4023 starum
458 3907 815 4022 numerosuciundos
830 3899 1041 3986 decernere
1055 3927 1070 4005 3
1084 3907 1287 3997 Zosimum
1319 3912 1416 3998 verb
1444 3914 1732 4024 quinquennio
1748 3913 1809 3993 in<

289 4042 351 4108 ter
377 4020 560 4109 tenores
597 4022 661 4110 seu
694 4018 919 4104 Exorcillas
946 4021 1204 4106 retinendum
1235 4073 1250 4121 ,
1282 4031 1351 4134 qui
1384 4027 1616 4134 grandaeuus
1650 4027 1698 4110 ad
1727 4026 1809 4113 cle·

286 4162 376 4226 turn
397 4137 585 4226 accedens
607 4139 752 4259 slutirn
785 4137 813 4225 d
835 4130 1025 4253 baptism
1038 4135 1171 4251 strcrae
1180 4136 1235 4256 se
1263 4142 1421 4229 militie
1450 4137 1633 4253 deflueret
1662 4153 1810 4232 munsi-

1687 4266 1806 4374 pars}

333 4479 383 4568 (a)
408 4477 609 4549 [audather
631 4481 702 4551 loco
722 4474 902 4562 Merends,¹
924 4492 1021 4570 utque
1076 4498 1299 4552 convertuntur
1320 4525 1333 4550 .
1354 4486 1428 4571 Cap.
1450 4486 1505 4553 nt.
1538 4479 1577 4557 dr
1598 4483 1639 4551 X.
1661 4503 1808 4552 numerus

284 4571 374 4642 affert
392 4597 451 4658 pro
472 4570 561 4640 huius
583 4572 730 4642 doslrinre
754 4568 1016 4641 confirmatione,
1076 4574 1161 4644 enirn
1184 4599 1260 4644 nrt·
1282 4573 1373 4644 huius
1392 4574 1539 4661 Epillolae
1566 4575 1622 4665 qui
1646 4574 1807 4642 auteren-

286 4663 389 4732 Siricii
416 4662 591 4749 Epistulam
613 4674 653 4736 sd
672 4670 840 4737 Himeriuns
861 4688 938 4734 narn.
964 4688 1017 4745 14·
1079 4666 1117 4733 ds
1136 4666 1272 4748 citatur,
1297 4666 1328 4734 in
1343 4665 1479 4736 editione
1492 4665 1707 4735 Concillorutn
1723 4664 1806 4735 lnb-
1843 4736 1846 4741 ,

282 4754 459 4823 innocentii
483 4760 525 4821 nd
540 4762 669 4828 reram
687 4761 860 4827 Nucerina·
876 4763 950 4842 Cup·
971 4762 1016 4827 V·
1077 4761 1173 4826 beans
1189 4760 1311 4830 Veneta
1337 4772 1438 4834 1728·
1459 4783 1521 4849 qua
1541 4753 1585 4826 vti
1608 4757 1709 4826 lamus
1732 4804 1744 4838 ,
1768 4764 1805 4829 dt

283 4847 319 4915 δι
343 4844 462 4915 zofimi
485 4845 523 4911 ad
546 4854 726 4937 Helicdinn
741 4854 868 4921 Salonis·
884 4852 1014 4932 Canis.
1067 4857 1280 4940 penitentibus
1301 4858 1364 4937 est,
1386 4874 1449 4918 non
1469 4861 1504 4920 ne
1512 4856 1739 4937 promouendis.

326 4938 385 5022 (b)
409 4936 511 5023 Epist·
538 4944 579 5005 ud
598 4947 721 5010 Miner.
743 4946 938 5009 Tarraconen·
955 4945 1018 5026 sub
1122 4945 1167 5021 (s)
1201 4945 1299 5011 Nun.
1323 4967 1352 5026 3.
1384 4950 1464 5011 Tora·
1485 4948 1545 5009 lul·
1566 4948 1621 5012 rol.
1644 4963 1721 5021 40⁰·
1749 4961 1807 5007 nu·

279 5035 406 5096 titulis:
439 5028 496 5096 De
524 5029 724 5098 admittendis
754 5029 791 5096 ad
816 5029 948 5098 Clesunr
978 5028 1017 5102 (T
1077 5034 1279 5099 meruscnim
1303 5035 1349 5104 V.
1371 5034 1390 5100 ‘a
1409 5030 1565 5098 Merenda
1594 5034 1733 5100 laudatus
1760 5028 1805 5100 lbi

206 5190 210 5202 ⁸
278 5113 400 5187 Deliis
421 5119 475 5211 qui
496 5119 707 5210 grandaeviad
728 5119 844 5193 lacrum
868 5119 1017 5201 militiam
1074 5122 1271 5216 oullusestj
1295 5123 1346 5214 sed
1367 5122 1402 5193 in
1421 5128 1515 5215 settle
1537 5118 1670 5217 delinit·
