4184 5904
444 294 512 441 38

434 512 531 602 iuris
559 503 761 622 Episcopis
790 505 1020 622 permissum
1048 502 1205 609 fuisse,
1247 527 1290 595 vt
1322 503 1429 592 iustis
1461 504 1512 594 de
1543 511 1662 599 causis
1694 517 1948 625 inexpedita

435 631 631 742 septennii
652 625 788 738 lapsu,
818 654 1100 740 quemcumque
1130 623 1308 710 Ecclesia
1332 626 1561 714 ministeriis
1592 653 1857 741 opportunum
1880 634 1949 718 fo-

434 777 479 836 re
507 743 787 860 providerent,
817 738 867 827 ad
893 741 1053 829 altiores
1076 741 1217 857 gradits
1238 745 1407 829 evehere
1431 734 1612 854 pollent.
1644 749 1702 832 Ea
1730 750 1824 833 verb
1849 775 1959 835 tem·

430 860 543 980 'poris
585 860 836 974 indulgentia
873 878 918 945 vt
954 863 1122 945 maxime
1149 867 1195 945 iis
1225 867 1290 972 qui
1324 881 1437 946 atate
1474 863 1656 949 nonnihil
1682 873 1953 978 provectiores

433 983 548 1071 sacra:
571 978 721 1066 militia
754 1002 898 1064 nornen
934 971 1131 1064 dedissent
1162 977 1442 1081 tribueretur,
1491 985 1653 1095 equitas
1684 982 1956 1097 quodammo-

435 1103 492 1188 do
516 1101 554 1183 δι
572 1092 756 1183 naturalis
774 1101 876 1182 ratio
892 1093 1051 1182 suadere
1072 1094 1307 1182 videbatur:
1334 1096 1379 1180 iis
1404 1104 1553 1184 etenim
1569 1129 1648 1186 non
1667 1099 1776 1210 aqui:
1798 1129 1842 1186 ac
1860 1129 1959 1214 pue·

434 1225 490 1419 pis
523 1216 727 1330 integrum
753 1234 840 1301 erat
864 1210 1024 1329 longius
1051 1211 1102 1301 ad
1132 1210 1274 1327 gradtis
1302 1212 1483 1329 ⁸reliquos
1511 1219 1760 1304 interstitium
1792 1220 1957 1333 prasio·

322 1382 330 1393 ·
452 1363 508 1423 arr
623 1397 635 1417 .

537 1338 763 1563 (llxempla
794 1452 904 1539 huius
933 1456 1088 1564 generis
1118 1452 1425 1542 Ordinationum
1456 1457 1728 1544 innumeram
1763 1455 1951 1542 habentus

433 1575 574 1687 plura,
600 1572 642 1654 in
667 1569 789 1654 Gallo
815 1567 1021 1656 scilicet&
1045 1572 1195 1658 Iuliano
1223 1567 1247 1652 ὲ
1270 1572 1399 1681 Regia
1422 1573 1675 1661 Constantini
1693 1573 1827 1689 Magni
1857 1567 1954 1656 slir-

432 1720 486 1804 pe
512 1693 644 1790 ortis,
678 1688 718 1771 in
756 1688 944 1774 Nediario
971 1688 1421 1800 Constantinopolitano
1444 1742 1459 1788 ,
1490 1690 1699 1777 Ambrosrn
1727 1743 1742 1791 ,
1771 1687 1952 1800 Epipha-

434 1815 506 1893 nio
539 1804 768 1906 Ticinensr,
800 1806 982 1891 Martino
1012 1803 1266 1905 Turonensr,
1294 1808 1524 1894 Gaudentio
1545 1807 1736 1894 brixiensr
1765 1808 1805 1888 &
1834 1803 1952 1909 aliis3

434 1921 499 2009 sed
529 1955 572 2011 ea
588 1925 805 2011 nonnihilo
832 1947 962 2011 tamen
990 1925 1105 2034 q'uim
1132 1922 1322 2011 vellemus
1350 1931 1571 2012 recentiora
1596 1923 1706 2010 sunt.
1740 1923 1844 2007 Illud
1862 1948 1955 2009 cre·

433 2040 559 2127 dibile
586 2038 734 2140 fuerit‚
765 2050 824 2126 ius
837 2040 1084 2126 concedendi
1108 2068 1156 2128 ex
1172 2038 1282 2125 causa
1307 2039 1499 2153 septennii
1530 2044 1584 2131 de
1606 2069 1683 2153 quo
1710 2046 1860 2152 agimus
1881 2067 1977 2122 ve·-

432 2163 541 2244 niam
573 2163 614 2240 in
643 2157 702 2239 his
733 2161 801 2268 qui
836 2155 1036 2270 grandaevi
1066 2147 1305 2245 accesserant
1333 2215 1348 2261 ,
1379 2154 1519 2246 saltem
1555 2163 1630 2247 hoc
1662 2163 1854 2269 temporis
1883 2155 1952 2238 in-

436 2269 650 2358 terstitium
679 2276 928 2384 mitigandi,
958 2280 1034 2359 iam
1065 2297 1147 2359 tum
1167 2272 1374 2385 Episcopis
1406 2273 1591 2390 aprinis
1620 2272 1798 2359 Ecclefiae
1829 2271 1951 2358 sacu-

431 2388 482 2475 lis
511 2381 756 2501 competiilse
780 2453 798 2488 .,
834 2391 935 2473 Sane
963 2390 1005 2470 in
1042 2415 1092 2473 eo
1117 2419 1238 2500 quem
1268 2391 1420 2504 pridem
1452 2388 1698 2477 laudavimus
1729 2385 1953 2501 Apostolo-

431 2531 524 2591 rum
553 2532 705 2591 canone
732 2505 923 2592 LXXIX.
956 2504 1041 2617 poll
1067 2504 1275 2593 stabilitam
1303 2505 1530 2617 generalem
1560 2504 1767 2614 regulam,
1799 2508 1954 2615 niquis

407 2621 582 2710 vscilicet
599 2653 647 2710 rx
674 2629 760 2711 uita
779 2627 959 2738 gentili,
990 2642 1061 2711 aut
1086 2650 1134 2708 ea
1158 2622 1331 2737 improba
1356 2627 1512 2706 ituenda
1539 2628 1690 2705 rarione
1717 2621 1771 2705 ad
1794 2624 1959 2707 carum

433 2743 610 2826 accedens
632 2748 820 2857 protinus
841 2736 1042 2857 Episcopus
1070 2736 1151 2858 fiat
1179 2792 1194 2838 ,
1224 2732 1409 2822 subditur
1436 2732 1629 2820 continuo
1660 2737 1852 2850 exceptio
1879 2734 1962 2846 nili

419 2854 534 2972 forti
563 2859 630 2944 hoc
657 2856 814 2938 Divina
830 2854 1096 3042 grundstat,
1126 2852 1205 2959 qui
1240 2848 1421 2933 nonnihil
1450 2851 1617 2933 iurisea
1640 2851 1681 2933 in
1712 2880 1755 2936 re
1785 2846 1951 2961 Episco-

432 2975 494 3083 pis
518 2970 752 3054 attributum
784 2954 899 3046 fuisse
923 2958 962 3045 su
979 2960 1103 3074 picari
1129 2963 1184 3050 sas
1207 2960 1289 3048 est.
1323 2959 1369 3045 ld
1399 2984 1530 3047 tamen
1560 2962 1624 3050 alii
1659 2964 1855 3054 iudicent.

560 3078 749 3167 Vidimus
788 3081 965 3173 lucienus
994 3095 1108 3164 atate
1139 3085 1259 3165 etiam
1288 3086 1560 3193 provectiores
1595 3086 1702 3169 clero
1741 3082 1947 3188 adscribi,

433 3222 553 3316 atque
579 3197 679 3285 adeb
711 3200 889 3285 Lestoris
938 3194 1101 3311 gradum
1142 3196 1327 3282 obtinere
1359 3197 1536 3308 potuisse
1564 3261 1574 3282 .
1606 3202 1788 3308 (Deliis
1821 3197 1948 3288 intel-

433 3322 504 3432 ligi
551 3316 734 3406 volumus
775 3320 844 3428 qui
885 3340 968 3402 non
1003 3334 1118 3398 antea
1157 3311 1428 3416 militassent,
1466 3314 1952 3417 adnrinistrabentv02

430 3437 579 3554 quique
607 3458 687 3518 non
729 3429 925 3536 curiales,
955 3434 1195 3546 poenitentes
1225 3488 1239 3535 ‚
1267 3430 1456 3547 digami,
1490 3460 1618 3545 neque
1646 3433 1741 3521 aliis
1767 3463 1838 3548 per
1861 3436 1948 3519 Ca·

430 3582 556 3643 nones
597 3548 783 3665 impediti
823 3546 1016 3660 fuissent)
1046 3548 1227 3657 Superest
1253 3572 1296 3632 vt
1336 3556 1581 3659 inquiramus
1619 3577 1668 3632 an
1695 3554 1735 3637 hi
1765 3546 1946 3637 slatinrd

431 3668 653 3784 baptismo,
687 3695 737 3750 an
756 3665 893 3775 potitis
918 3688 963 3746 ex
985 3661 1203 3744 intervallo
1219 3657 1322 3771 quasr
1343 3662 1589 3767 probationis
1614 3661 1710 3765 suae,
1736 3667 1849 3752 sacrae
1867 3658 1945 3752 miss

430 3788 526 3874 litiae
554 3793 595 3870 in
621 3784 754 3887 aliquo
787 3774 911 3887 gradu
942 3771 1282 3859 adscriberentur.
1319 3773 1513 3862 Merenda
1540 3778 1610 3891 (b)
1642 3784 1729 3891 poli
1756 3783 1939 3871 iniesiam

427 3901 739 3996 diffi2ultatem,
772 3914 817 3978 vt
848 3889 1001 3977 Damasi
1032 3917 1171 4002 parens
1206 3919 1333 3975 novus
1370 3891 1527 4004 prorsus
1562 3898 1795 4013 ignotusque
1821 3904 1940 3988 bomo

429 4043 577 4109 nonren
605 4007 781 4098 Ecclesrae
808 4007 981 4097 dedisset
1011 4008 1138 4107 statim
1166 4035 1210 4093 ac
1238 4007 1411 4095 Romam
1443 4020 1584 4112 venit,
1613 4011 1885 4133 Notariusque
1915 4020 1941 4102 ὲ

430 4132 600 4246 velligio
629 4135 668 4212 δι
692 4131 835 4214 Leston
861 4125 1027 4213 Basilica
1058 4130 1191 4212 sancti
1218 4125 1421 4210 Laurentii
1453 4151 1604 4214 creatus
1641 4130 1816 4235 suisset,
1854 4139 1940 4221 eius

429 4246 673 4338 difficultatis
708 4240 834 4333 causas
873 4269 1101 4354 exponens,
1129 4240 1301 4327 alienum
1332 4239 1374 4328 id
1402 4234 1481 4330 esse
1506 4247 1563 4332 ait
1593 4252 1642 4335 ab
1669 4280 1807 4337 eorum
1833 4273 1941 4341 tem·

428 4392 570 4485 porum
591 4359 798 4474 disciplinal
826 4387 837 4445 :
883 4388 975 4447 nam
996 4366 1125 4475 primi
1162 4358 1404 4473 baptizari,
1442 4390 1490 4450 ac
1512 4365 1651 4456 deinde
1680 4375 1810 4484 aliquo
1834 4390 1939 4458 tem-

418 4492 530 4607 poris
558 4482 765 4575 intervallo
793 4477 962 4594 probari
986 4478 1125 4595 debuit
1161 4478 1347 4596 dignusne
1382 4472 1472 4594 effla
1495 4489 1569 4598 qui
1597 4489 1708 4576 Clero
1735 4486 1939 4602 arlferibe7

287 4684 294 4693 .
427 4626 571 4698 Issus·

547 4721 639 4809 Hoc
671 4713 841 4807 rtuobis
857 4710 1087 4833 persuadeat
1109 4715 1236 4806 tertii>
1262 4713 1491 4818 adSiricii,
1517 4718 1842 4845 Innocentii2ac
1858 4721 1948 4924 iZo-

1874 4868 1948 4928 rmr

472 5011 522 5098 (a)
547 5011 626 5082 vid.
638 5012 826 5088 Tbomssin·
842 5022 916 5088 Ver·
932 5009 971 5086 (a
984 5035 1053 5084 nos.
1073 5020 1160 5108 Disn
1261 5017 1322 5104 (b)
1344 5022 1409 5095 snt
1426 5019 1494 5094 init·
1512 5022 1679 5114 opuseulum
1701 5026 1798 5103 tanat·
1812 5025 1940 5115 Bauass

425 5106 966 5206 tm.r·1at.1r.oaparaaVr·u
980 5112 1027 5200 V·
1044 5105 1083 5185 b*
1096 5113 1164 5190 Vr·
1215 5131 1297 5186 auu·
1321 5137 1353 5183 ι.
