4184 5904
153 537 328 629 cinensis
361 539 587 653 exemplum
611 537 842 654 suppeditas
869 541 981 629 nobis
1005 535 1210 626 Ennodius
1240 539 1335 658 (a),
1366 543 1433 656 qui
1459 533 1657 656 postquam

149 683 244 744 eum
270 653 406 744 caelelli
438 658 593 743 militia
629 660 856 745 tirocinium
887 659 953 746 sub
983 653 1171 770 Crispino
1210 655 1396 744 sortitum
1428 653 1541 743 fuisse
1571 661 1657 762 ait,

152 772 409 883 laborisque
424 773 557 861 officio
573 770 952 891 functum,pergit:
982 781 1178 866 Neaeram
1198 780 1243 862 ln
1254 773 1466 892 scribendo
1491 795 1660 891 campen·

149 892 219 979 dia
250 943 266 990 ‚
305 890 362 990 ῤ’
380 889 538 1007 figures
578 900 715 985 aerios
746 897 949 984 verboram
979 895 1276 982 multitudinem
1304 894 1660 1011 comprehendentes

150 1009 272 1096 brear‘
290 1005 532 1125 exsequutus,
560 1018 604 1100 in
628 1016 880 1128 Excepeeeam
901 1038 1057 1101 numere
1086 1013 1284 1099 dedicetur
1312 1019 1476 1102 enituit.
1514 1016 1660 1126 Neque

148 1123 229 1210 boc
255 1126 539 1239 inEpiphanio
567 1130 755 1242 singulare
773 1128 1108 1227 existimandum,
1136 1126 1204 1214 sed
1221 1153 1371 1212 morem
1399 1126 1573 1217 Ecclesia
1590 1123 1662 1215 vsu

84 1282 92 1293 ·
153 1260 358 1356 receptum
382 1237 527 1348 fuisse,
550 1267 593 1334 vt
619 1246 783 1334 Notarii
812 1244 1145 1359 siueExceptores
1175 1240 1375 1358 sapiffimb
1404 1244 1663 1331 &Locrorum

148 1356 320 1560 §ollegio
352 1359 666 1470 assumerentur,
695 1391 866 1451 cennos
894 1360 1113 1477 multiplici
1141 1357 1324 1475 exemplo
1342 1359 1559 1448 Menardus
1590 1360 1664 1479 (b)

181 1497 300 1566 ocet.

265 1599 409 1710 Neque
428 1595 526 1684 verb
550 1603 695 1688 iccirco
726 1627 910 1713 negamus
945 1602 1232 1716 Exceptoratfis
1259 1596 1434 1684 officium
1475 1592 1497 1680 l
1527 1595 1663 1685 seculo

154 1709 234 1795 IV.
261 1719 395 1824 pueris
427 1713 735 1830 frequentiffime
762 1710 1001 1805 commissum
1026 1708 1164 1822 fuisse,
1196 1737 1239 1804 vt
1265 1714 1406 1827 prater
1434 1713 1666 1827 Epiphanii,

151 1854 273 1964 quem
295 1827 421 1917 modb
447 1829 717 1940 laudavimus,
733 1833 866 1923 locum
882 1834 1102 1940 ,Ausonius
1128 1830 1367 1951 apertissime
1381 1827 1499 1935 docet
1518 1827 1581 1950 (e)
1605 1838 1667 1918 in·

153 1969 322 2057 quiens:
685 2050 691 2063 ¹

564 2077 672 2162 Puer
703 2097 882 2166 netarum
901 2092 1121 2191 perpetum
1198 2143 1200 2147 Α

269 2278 273 2283 .
565 2194 707 2279 Sollers
738 2190 914 2309 minister
939 2193 1106 2297 Μυσίας

155 2296 292 2380 Vnum
322 2314 456 2390 tamen
485 2307 564 2391 hoc
589 2304 811 2409 asserimus,
843 2309 883 2391 in
911 2311 971 2394 his
999 2306 1112 2416 quia
1144 2311 1275 2414 pueris
1305 2298 1571 2389 Ecclesiastico
1591 2300 1670 2381 mi·

153 2407 251 2496 litia
276 2413 628 2526 adscribebantur,
663 2423 883 2511 nullatcnus
911 2423 959 2509 ab
984 2421 1217 2530 Exceptoris
1241 2417 1373 2508 officio
1404 2418 1452 2502 ad
1483 2417 1670 2500 Lestora·

152 2543 239 2612 tum
267 2533 573 2645 progressionem
597 2539 712 2649 fieri3
744 2562 864 2651 atque
896 2536 997 2622 adeo
1022 2563 1315 2648 quemcumque
1344 2529 1519 2614 Ecclebac
1551 2534 1670 2612 mini·

157 2639 276 2727 sterio
319 2647 545 2730 dedicatum
574 2651 622 2730 ab
648 2653 923 2759 Exceptoratu
957 2644 1139 2755 incepisse
1167 2650 1423 2733 constiterit:
1456 2673 1545 2729 eum
1574 2670 1669 2757 pro-

158 2754 264 2843 fesio
292 2783 405 2847 aetate
421 2765 673 2871 grandiorem
700 2763 880 2850 abdicati
898 2762 1062 2848 saeculari
1089 2766 1235 2874 pompei
1250 2767 1297 2849 ad
1319 2760 1523 2849 Ecclesiam
1548 2758 1672 2845 trans-

160 2877 277 2960 iisse.
310 2872 413 2959 Sane
439 2878 569 2977 verb,
602 2880 666 2989 qui
690 2883 711 2961 a
736 2904 862 2990 puero
884 2877 1059 2959 Ecclefiae
1080 2878 1295 2989 adscriptus
1325 2878 1455 2990 primo
1489 2882 1673 2990 Excepto·

158 2996 252 3094 ris,
282 3018 372 3077 mox
403 2989 569 3079 cruores
610 2992 776 3106 gradum
807 2993 829 3105 (
845 2989 900 3078 vti
932 2987 1087 3077 Damasi
1123 3019 1260 3105 parens
1289 2992 1528 3104 Antonius)
1564 2992 1671 3077 obti-

162 3115 295 3307 Puerit
323 3166 338 3215 ,
366 3110 567 3211 neminem
596 3108 753 3221 prorsus
776 3111 818 3195 in
850 3106 1116 3195 Ecclefiastica
1142 3115 1317 3199 Historia
1348 3107 1670 3202 inveniendum,

180 3250 251 3310 oie
306 3248 403 3314 uto.

277 3256 420 3459 litque
456 3341 531 3430 bic
555 3372 631 3458 ego
664 3347 818 3431 ratione
843 3345 1066 3430 Romanum
1090 3342 1243 3430 Damasi
1268 3396 1284 3446 ,
1313 3344 1604 3460 parentumque
1635 3343 1673 3427 dc

174 3460 328 3546 Sororis
364 3465 496 3550 Irenes
522 3488 569 3548 ex
603 3459 794 3574 Hispania
828 3464 904 3547 iter
931 3457 1121 3546 inoffensi
1154 3461 1336 3547 Historia
1360 3461 1474 3562 fide,
1515 3462 1674 3547 servatis

175 3576 226 3660 ad
254 3607 423 3692 unguem
456 3574 723 3666 Ecclefiallicis
751 3577 943 3690 legibus,
975 3581 1098 3663 immo
1123 3582 1227 3664 enim
1258 3574 1549 3664 verofimiiiim‘e
1573 3601 1674 3658 con-

165 3691 251 3778 fieri
284 3696 452 3807 potuisse
480 3698 731 3785 arbitrabar.
766 3695 912 3783 Saltem
944 3691 1095 3781 nullum
1126 3696 1225 3782 mihi
1262 3696 1445 3782 innocuus
1475 3688 1674 3805 scopulum

168 3813 484 3905 animadvertere
510 3813 656 3914 licuit,
682 3817 746 3900 cui
779 3811 1001 3901 devitando
1029 3839 1268 3928 magnopere
1297 3810 1597 3901 allaborandnm
1614 3805 1673 3890 fis.

167 3929 270 4016 Nam
295 3933 402 4045 quod
439 3932 462 4018 ὲ
493 3930 606 4018 nobis
632 3928 826 4016 Merenda
856 3936 1020 4040 inquirit
1047 3981 1062 4027 ,
1091 3958 1186 4014 num
1221 3927 1368 4019 scilicet
1400 3931 1442 4017 in
1473 3927 1678 4017 inferiori-

174 4048 247 4132 bus
273 4052 482 4137 ordinibus
514 4046 630 4163 pofiu
663 4069 773 4162 pater
802 4045 841 4125 bc
867 4044 970 4130 filius
997 4068 1077 4128 vno
1104 4041 1188 4129 fere
1214 4046 1435 4159 eodemque
1465 4068 1674 4159 tempore,

168 4188 289 4280 etque
310 4170 438 4255 eedem
463 4172 508 4252 in
533 4165 689 4282 Eeeleſse
716 4154 902 4250 inservire
938 4182 1005 4248 aut
1038 4161 1256 4248 ministrare
1287 4167 1492 4273 potuerint
1520 4215 1534 4262 ,
1575 4164 1675 4246 tanti

168 4282 346 4372 nonest.
380 4279 491 4368 Licet
516 4288 621 4367 enim
637 4287 936 4396 Exceptoratum
962 4282 1114 4396 patris,
1143 4306 1232 4368 rum
1258 4277 1330 4365 filii
1347 4280 1556 4368 Lelloratu
1574 4298 1676 4364 tem-

1606 4422 1679 4508 90-

216 4587 281 4673 (α)
308 4586 467 4658 Ennodius
490 4595 522 4659 lu
539 4593 605 4657 olto
624 4591 787 4674 Epipboaii
815 4591 894 4658 ilci·
952 4606 1030 4654 nstra.
1055 4599 1130 4661 256·
1164 4585 1182 4649 δ
1207 4579 1316 4668 politia
1346 4586 1379 4652 S.
1402 4576 1618 4668 Metrophanii
1643 4578 1677 4643 ἀ

169 4685 254 4770 aensss
272 4688 355 4751 Edit·
379 4685 478 4766 Purifi
503 4695 557 4747 161
570 4704 597 4745 r·
620 4683 699 4765 Pog.
717 4693 792 4758 360.
952 4673 1039 4742 aliis.
1064 4672 1139 4742 Nec
1161 4673 1292 4743 diffentic
1312 4674 1466 4743 Merenda
1491 4671 1546 4764 qui
1565 4681 1597 4742 iu
1612 4676 1678 4736 Aa·

216 4771 290 4854 (b)
313 4773 349 4837 Io
369 4787 431 4836 not.
450 4771 487 4836 ad
508 4765 782 4838 sacramentarium
810 4765 894 4836 Gre·
953 4785 1014 4836 sset·
1037 4770 1078 4833 ud
1105 4773 1203 4837 Corne.
1227 4771 1350 4854 Baeaoss
1371 4771 1477 4837 XXV·
1499 4773 1575 4854 lug·
1602 4780 1678 4838 24¹·

168 4861 282 4948 goriam
307 4883 368 4933 nee·
394 4885 471 4945 300.
496 4861 542 4926 ibi
565 4889 572 4930 ς
604 4865 737 4930 Nerusii
756 4862 809 4924 hae
831 4866 893 4928 loce
953 4854 1054 4946 inquit
1076 4867 1098 4899 ’²
1124 4863 1216 4929 Viles
1236 4872 1324 4924 ceiam
1343 4882 1381 4926 esc
1397 4862 1525 4926 Leiloris
1547 4858 1680 4923 ordines

161 4960 237 5040 siene
254 4960 365 5024 Scribe
378 4958 515 5042 Episcopi
534 4961 588 5040 qui
612 4971 646 5020 or
661 4956 824 5040 plurimum
846 4954 893 5035 os-
951 4956 991 5018 od
1012 4952 1132 5036 efficium
1158 4955 1332 5036 exceptores
1348 4954 1480 5037 gradum
1491 4953 1611 5035 sturm·

161 5047 357 5130 sarciebantur
383 5070 421 5115 ex
441 5049 590 5113 benenom
616 5048 779 5130 Colleglo.
815 5041 893 5109 Sub·
969 5037 1343 5128 ·(c)Epigrerom.137.

167 5132 277 5221 ditquc
307 5138 448 5225 exempla
478 5140 494 5202 ὲ
523 5130 626 5203 Photii
660 5130 892 5202 Bibliotheca·
1063 5131 1067 5138 ’
1224 5132 1230 5153 ’
1478 5132 1483 5143 ’

767 5576 772 5585 Ι
902 5452 1080 5544 Α
