4184 5904
1572 336 1646 452 27

253 528 346 613 Hac
371 532 502 607 autern
528 523 690 607 comita
718 518 792 607 fint
816 519 904 609 satis
924 518 1055 604 nrirari
1078 545 1256 630 nequeo,
1275 545 1343 605 cur
1360 519 1521 606 secundi
1537 539 1651 609 cata-

141 637 221 747 logi
249 662 368 753 atque
390 635 572 727 Anastalii
603 635 719 722 sidem
743 657 859 726 tanto
885 632 1088 721 molimine
1119 635 1381 724 Terribilinus
1411 641 1453 721 in
1480 639 1647 727 dubium

142 784 332 844 revocare
357 761 529 855 nitatur,
559 750 690 839 saltent
710 750 803 842 scire
831 751 970 843 veliem
998 779 1079 865 quo
1107 751 1271 837 tandem
1300 755 1564 842 atruDanaan
1596 754 1648 840 is·

142 891 225 960 tam
253 894 317 964 tot
343 868 516 984 vndique
539 871 708 958 excubiis
736 871 1037 983 circumseptam
1064 870 1203 956 deludi
1245 899 1289 958 ac
1317 878 1448 959 vitiari
1479 864 1646 983 potuisse

141 993 387 1091 arbitretur,
415 1007 459 1075 vt
489 1006 702 1099 propterea
727 987 881 1077 Damasi
912 986 1077 1102 patriam
1107 983 1315 1102 utriusque
1332 990 1436 1079 illius
1464 989 1646 1103 Scripto·

142 1113 198 1191 ris
224 1111 448 1198 autioritati
488 1133 532 1191 ac
576 1103 800 1194 testimonio
839 1100 1038 1194 nonsatis
1077 1106 1168 1193 tuti>
1197 1104 1306 1193 credi
1343 1132 1414 1201 aut
1451 1107 1649 1195 committi

111 1290 115 1297 .
142 1226 251 1337 posse
268 1225 468 1311 affirmet.
499 1218 652 1308 verim
677 1220 797 1313 fuerit
825 1229 850 1337 (
861 1220 972 1341 quod
997 1223 1173 1337 gratuiti>
1203 1225 1452 1312 Terribilino
1478 1227 1651 1336 damus)

143 1338 262 1429 faverit
292 1345 455 1453 inquam
485 1337 629 1451 aliquis
661 1344 699 1426 in
729 1346 802 1432 hac
832 1362 944 1457 parte
977 1341 1117 1428 contrai
1143 1339 1387 1429 Anastasrum
1423 1343 1461 1424 &
1486 1335 1647 1426 secundi

144 1459 312 1571 catalogi
338 1462 584 1569 Scriptorem
618 1454 831 1571 suspicioni·
849 1459 981 1546 locus.
1014 1460 1079 1544 An
1107 1464 1248 1547 iccirco
1276 1460 1519 1548 Veronensis
1539 1458 1653 1543 Pon*

146 1576 300 1662 tificum
331 1572 499 1686 catalogi
532 1601 647 1687 quem
672 1576 813 1666 Iunior
841 1577 1080 1665 Blanchinus
1112 1577 1313 1692 evulgavit
1341 1580 1411 1696 (a)
1439 1604 1451 1663 ε
1481 1604 1532 1663 ao
1557 1576 1649 1659 Co-

144 1691 242 1781 dicis
261 1692 671 1792 Palatino-Vaticani,
699 1694 902 1782 Anastasio
921 1714 968 1784 vt
984 1694 1206 1783 videbimus
1233 1698 1501 1809 antiquioris,
1531 1718 1650 1806 quem

148 1834 359 1922 vtrumque
390 1836 464 1923 pro
493 1809 606 1893 nobis
627 1810 909 1928 allegavimus,
938 1809 1101 1899 sublesta
1126 1840 1291 1927 quoque
1317 1812 1413 1899 fides
1430 1827 1553 1925 atque
1576 1835 1656 1893 au-

146 1933 306 2014 ueritas
340 1920 500 2013 futura?
532 1947 599 2011 aut
627 1930 780 2015 naman
807 1936 937 2045 patria
964 1924 1115 2040 duplici
1143 1926 1223 2013 alio
1245 1957 1373 2046 eoque
1404 1922 1556 2017 idoneo
1587 1939 1652 2011 te·

148 2044 205 2130 lle
232 2043 442 2133 accedente
471 2069 553 2129 non
583 2036 672 2132 satis
699 2047 830 2135 adhuc
855 2043 1057 2158 explorata
1089 2044 1298 2132 habenda?

263 2163 412 2274 Neque
434 2162 460 2243 'e
486 2152 673 2258 diverso,
703 2192 792 2247 cum
816 2163 867 2248 de
892 2162 1021 2275 gloria
1052 2157 1320 2276 Hispanorum
1349 2162 1540 2278 quaritur
1569 2153 1659 2247 satis

147 2278 269 2365 multa
296 2271 532 2363 succurrunt
560 2275 672 2359 nobis
694 2278 898 2392 exempla,
929 2281 1041 2394 queis
1065 2280 1115 2364 ab
1140 2287 1285 2368 exteris
1311 2280 1553 2366 Nationibus
1589 2275 1659 2361 seu

146 2391 242 2481 falsi
273 2422 407 2477 rerum
451 2389 499 2478 ab
531 2386 715 2505 Hispanis
756 2392 939 2510 preclari:
969 2394 1175 2506 gestarum
1209 2396 1532 2512 predicatione,
1577 2391 1660 2477 srve

146 2508 362 2596 illustrium
390 2515 535 2621 pietate
574 2507 761 2599 desirinai
805 2533 874 2599 aut
903 2512 1067 2599 militari
1100 2512 1217 2601 laude
1247 2516 1442 2596 Virorum
1483 2509 1661 2594 attribu-

149 2629 265 2711 tione
291 2626 414 2733 gratis
446 2651 533 2703 eam
561 2632 713 2703 aunam
742 2630 921 2707 sciamus.
957 2626 1048 2703 Hoc
1073 2652 1199 2708 vnum
1226 2625 1255 2709 sr
1282 2623 1544 2711 Terribilinus
1574 2623 1664 2705 ani·

149 2734 422 2823 madvertisset
448 2734 666 2819 cautiorem
696 2764 788 2821 eum
813 2729 1001 2823 debuisset
1026 2732 1184 2839 facere,
1215 2743 1268 2827 nie
1289 2739 1438 2827 scilicet
1463 2738 1590 2823 slilurn
1620 2741 1662 2821 in

148 2848 392 2941 Anastalium
421 2841 635 2930 &secundi
662 2846 830 2958 catalogi
848 2856 1098 2959 Scriptorenr
1127 2874 1310 2936 acueret.
1344 2857 1495 2941 Debuit
1521 2854 1562 2938 id
1588 2851 1666 2938 sal·

148 2986 231 3054 tem
262 2964 311 3050 ab
352 2958 437 3076 ipso
465 2961 675 3072 impetrare
705 2961 831 3047 amice
868 2970 1112 3049 coniurantis
1136 2964 1339 3054 Merenda
1367 2972 1408 3053 in
1441 2968 1667 3053 Tillemon·

151 3088 251 3171 tium
271 3074 581 3167 animadverso.
616 3080 758 3193 Egerat
774 3082 967 3169 Merenda
995 3077 1065 3190 (b)
1097 3079 1149 3167 de
1172 3084 1344 3194 quodam
1361 3079 1527 3172 Arsenio
1543 3110 1667 3200 quem

151 3198 342 3287 Damasus
369 3193 548 3282 Arcadio
588 3221 712 3305 puero
742 3201 821 3283 iarn
847 3196 1048 3283 declarato
1075 3199 1258 3311 Augusto
1283 3222 1560 3314 preceptorem
1587 3207 1664 3287 mi·

152 3315 281 3403 serat.
312 3313 352 3396 ls
373 3306 560 3394 Arsenius
588 3315 818 3417 assaronio,
850 3322 920 3425 qui
948 3319 1057 3426 prior
1087 3311 1129 3397 id
1156 3323 1195 3399 in
1214 3317 1480 3431 Metaphraste
1501 3316 1668 3432 legerat,

149 3436 333 3521 Romana
353 3432 520 3517 Ecclerae
535 3430 724 3519 Diaconos
755 3431 978 3543 appellatur
1010 3497 1021 3520 .
1053 3428 1247 3517 Obsistere
1275 3462 1350 3545 pro
1386 3440 1548 3545 ingenio
1576 3436 1668 3521 Til-

151 3552 404 3644 lemontius,
434 3571 508 3630 nec
540 3544 758 3634 Diaconum
790 3546 1000 3632 Aesonium
1030 3543 1240 3659 agnoscere
1270 3546 1342 3632 niti
1373 3546 1469 3633 alius
1498 3547 1668 3660 isque)

84 3664 91 3675 ’
152 3669 319 3755 idoneus
338 3659 614 3773 Metaphrallae
643 3663 801 3773 sponsor
819 3665 1008 3778 acredat3
1040 3664 1233 3751 Merenda
1261 3684 1396 3751 tamen
1419 3664 1666 3753 intercedens

155 3785 219 3871 lris
244 3776 543 3864 Tillenrontinnr
572 3782 706 3865 verbis
732 3780 938 3893 compellat
970 3809 981 3866 :
1023 3779 1158 3871 vestim
1184 3789 1250 3870 cai
1280 3782 1372 3869 bono
1393 3789 1575 3898 scriotor
1597 3786 1670 3871 ille

153 3894 515 4015 (Metaphralies)
544 3895 644 3983 hanc
680 3905 722 3979 in
746 3899 906 4010 Aestivo
931 3898 1163 4011 dignitatem
1176 3900 1331 4016 fingere
1346 3895 1558 4019 pataiffet?
1586 3904 1671 3991 Cur·

154 4044 230 4107 aen
246 4009 380 4129 potiris
407 4013 475 4100 hoe
496 4006 709 4129 scripserit
746 4016 815 4099 ille
844 4065 858 4110 ,
886 4023 1106 4127 antiqu-‘ere
1137 4018 1270 4123 aliquo
1297 4022 1531 4130 minimique
1552 4017 1670 4113 dubie

157 4130 364 4251 sestianae-io
376 4126 541 4240 fretm?
575 4130 742 4213 iniurius
770 4123 951 4244 profesio
982 4127 1051 4217 sam
1085 4123 1242 4213 secundi
1267 4126 1437 4243 catalogi
1469 4133 1669 4249 Scriptori

158 4265 279 4364 atque
295 4242 524 4344 Anatlalio,
554 4244 808 4361 srvtrumque
835 4268 1060 4336 aureorum
1087 4243 1253 4333 aiterum
1271 4247 1542 4361 Metaphrastae
1570 4280 1669 4340 con*

159 4369 320 4455 tulero.
352 4362 506 4445 Notum
535 4358 584 4443 de
612 4366 750 4449 Gracc
781 4364 860 4451 lide
890 4392 977 4478 quae
1014 4369 1209 4480 paroemia
1237 4362 1365 4451 locum
1392 4361 1520 4454 fecit.
1551 4368 1667 4456 Inte-

159 4512 230 4571 rea
254 4478 351 4564 verd
376 4473 638 4563 Terribiiinus
670 4477 819 4571 viderit
846 4510 929 4594 quo
959 4489 1072 4596 padio
1099 4480 1327 4595 popularem
1353 4480 1564 4569 sententiae
1595 4482 1679 4571 suae·

160 4590 400 4715 Merendam
428 4590 619 4708 effugiat,
644 4593 674 4679 sr
704 4596 772 4686 ille
800 4600 849 4685 ab
877 4626 926 4686 eo
953 4597 1152 4804 qssaeitum
1182 4620 1363 4713 pergat:
1399 4604 1472 4688 Cui
1497 4602 1672 4807 bom}

211 5008 275 5096 (ri
308 5016 345 5083 1·
363 5014 575 5101 magonem
600 5017 665 5097 W·
698 5016 785 5105 Toni
804 5014 896 5099 Ae&
989 5007 1062 5091 (b)
1084 5013 1194 5103 opusc.
1212 5007 1253 5085 (e
1263 5012 1522 5107 genavam
1538 5011 1674 5103 cepae}

69 5124 76 5137 ‘
157 5104 380 5195 svamm
948 5120 985 5189 rr
1009 5120 1042 5184 a·
1058 5118 1137 5194 aar·
1156 5122 1248 5199 1332,
