4184 5904
185 558 264 649 que
287 533 559 649 exemplorum
590 536 807 639 crebritas3
836 529 928 619 dein
956 530 1316 645 Typographorurn
1340 538 1495 626 incuria
1524 554 1587 626 tot
1612 542 1701 656 iplis

186 652 316 765 plagas
344 652 515 754 intulit,
545 672 589 740 vt
617 661 658 739 in
681 651 877 765 aliquibus
904 648 997 738 locis
1013 654 1080 735 vir
1100 648 1257 734 Demasr
1277 672 1448 739 mentem
1477 662 1702 747 coniecturd

186 753 328 878 alloqui
362 769 478 855 liccat
507 825 520 869 ,
552 775 592 859 in
621 771 708 858 aliis
736 770 831 858 verb
861 764 911 855 ne
939 768 1119 856 divinare
1145 766 1304 879 quidem
1329 766 1442 856 facile
1473 770 1558 858 srt:
1590 795 1701 863 tanta

186 882 240 969 est
258 882 434 997 ipsorum
462 887 699 978 obscuritas.
732 890 821 973 Nec
846 881 1116 973 mirandumst
1140 882 1324 973 Damasus
1349 883 1527 974 fovenda
1552 892 1700 1002 potius,

187 998 253 1086 vel
281 999 376 1087 dum
401 1007 529 1091 vetsris
556 1022 779 1122 pangeret,
809 1000 990 1088 fidelium
1019 1004 1157 1112 pietati
1187 1051 1202 1101 ‚
1230 1003 1349 1115 quim
1375 1001 1610 1114 syllabarum
1635 1035 1703 1095 ra·

143 1226 146 1231 .
189 1120 291 1202 tioni
320 1126 545 1225 intentior,
572 1128 750 1212 metricas
781 1119 922 1207 alicubi
953 1117 1057 1229 leges
1083 1116 1223 1227 parum
1252 1123 1481 1206 curaverit:
1525 1120 1568 1207 id
1595 1124 1703 1213 enim

186 1236 229 1318 in
247 1243 445 1325 communi
465 1240 590 1328 saeculi
622 1236 853 1355 quo'flotuit
870 1235 957 1324 labe
984 1232 1169 1320 scientem
1197 1228 1430 1350 neglexisse,
1445 1245 1567 1351 magis
1584 1243 1704 1350 quam

185 1377 247 1434 cas
267 1360 453 1443 minutias
480 1355 677 1471 ignorrllse
705 1353 895 1441 credibile
923 1349 1003 1436 est.
1035 1346 1142 1437 Sane
1171 1348 1414 1437 Prudentius
1441 1352 1594 1440 naman
1622 1356 1706 1443 scre

188 1477 449 1587 σύγχῳνθυ,
476 1483 538 1562 cui
566 1505 683 1564 nemo
710 1476 848 1559 eximii
877 1466 1179 1565 Postaelandem
1198 1468 1381 1554 haetenus
1408 1469 1583 1568 invidit,
1606 1469 1708 1558 nibil

186 1619 362 1684 moratur
392 1616 545 1695 metro,
577 1614 619 1682 vt
655 1582 733 1705 ipse
762 1594 818 1671 ait
846 1638 861 1684 ,
890 1608 1073 1675 renuente
1102 1590 1346 1679 Servantur
1373 1612 1516 1681 nomen
1543 1582 1708 1706 sapphi-

186 1737 234 1797 co
261 1712 392 1830 versui
422 1710 592 1797 inserere
621 1703 789 1795 subdens
820 1702 915 1820 (alt

536 1892 734 1978 Carmint's
762 1887 860 1995 leger
888 1912 999 1974 amor
1025 1906 1231 1974 nnrcnrnnr

534 2012 743 2098 Nominum
759 2007 887 2118 paror·
902 2002 1019 2121 flacit
1047 1999 1134 2101 &o

305 2184 440 2271 Licuit
467 2186 542 2271 hoc
572 2183 776 2270 interdum
810 2184 958 2271 nedum
990 2179 1183 2296 sequioris
1198 2180 1270 2267 aevi
1295 2228 1311 2278 2
1341 2172 1407 2267 sed
1438 2181 1475 2265 8<
1505 2177 1640 2292 priscis
1664 2179 1710 2267 il·

188 2295 264 2398 lis,
290 2331 390 2413 quos
406 2308 537 2391 etatis
561 2326 694 2389 anreae
718 2303 863 2389 Poetas
889 2297 1021 2413 patsrnr
1046 2294 1312 2407 appellamur,
1343 2324 1579 2413 quamquam
1596 2302 1634 2382 in
1657 2328 1709 2387 eo

188 2442 269 2501 non
296 2416 509 2517 laudandi,
534 2416 739 2529 multoque
771 2424 899 2503 minus
928 2411 1112 2500 imitandi
1139 2407 1237 2497 fint.
1271 2414 1361 2500 Nec
1388 2410 1467 2503 scio
1495 2442 1546 2499 an
1571 2411 1710 2526 sapiiu

188 2530 330 2619 cidem
359 2534 603 2621 oberraverit
630 2528 1006 2620 chordlDrmasus.
1040 2531 1089 2614 In
1115 2526 1176 2612 lris
1202 2524 1311 2615 certe
1342 2558 1441 2644 quos
1469 2532 1709 2643 archetypos

188 2673 237 2733 ex
268 2677 316 2732 eo
344 2648 479 2734 vereris
504 2647 734 2751 attulimus,
763 2647 790 2733 sr
822 2643 1034 2734 secundum
1074 2673 1121 2733 ex
1148 2646 1320 2758 Agnetis
1362 2652 1711 2761 epigrammate,

189 2760 447 2870 dempseris,
477 2767 629 2879 (qvem
658 2783 795 2850 tamen
822 2766 943 2849 initio
975 2761 1159 2848 mutilum
1189 2767 1230 2846 bc
1264 2783 1448 2850 recenter
1479 2760 1708 2878 suppletum

188 2874 401 2990 diximus)
431 2874 531 2958 nihil
551 2879 629 2956 iam
644 2869 731 2956 sore
761 2896 894 2984 putu,
923 2876 1032 2984 quod
1053 2877 1117 2957 vel
1134 2876 1341 2985 Scioppius
1367 2888 1454 2963 iure
1485 2883 1707 2989 reprehen-

190 2990 289 3079 dat.
333 2994 525 3078 Praeterea
554 2983 764 3075 Damasum
792 2994 943 3102 elegans
971 2993 1016 3072 in
1045 2984 1211 3099 ocrstbnr
1224 2998 1443 3101 pangendis
1467 2999 1708 3107 ingenium

190 3106 389 3227 hobolffi,
406 3108 647 3211 Hieronymi
666 3110 732 3217 qui
759 3100 913 3216 optime
941 3099 1063 3214 ipsum
1093 3125 1260 3191 noverat
1287 3104 1514 3194 testimonio
1545 3110 1616 3246 (b)
1639 3110 1714 3198 sci-

189 3253 303 3336 mus3
336 3232 376 3308 in
407 3222 516 3332 Attis
542 3223 640 3305 verb
671 3216 859 3332 politiore
875 3226 921 3305 in
944 3214 1447 3337 utroquelingnascicntia‘
1469 3223 1562 3340 (c),
1593 3228 1635 3309 rd
1654 3227 1712 3313 est

188 3341 331 3431 Attiroi
355 3344 394 3421 δε
421 3337 599 3423 Romnnd
648 3337 822 3445 ncnndid
842 3331 1067 3447 praeditus,
1099 3363 1179 3420 non
1215 3334 1325 3424 secus
1350 3359 1469 3449 atque
1497 3343 1547 3426 ab
1575 3346 1710 3429 Hora·

189 3458 253 3541 rio
280 3460 470 3542 Maecenas
500 3452 569 3569 (d)
631 3452 781 3553 icitur3
813 3470 857 3537 vt
887 3448 1106 3538 verosimile
1137 3450 1259 3539 suerit
1287 3452 1575 3541 Sanctissrmum
1602 3464 1710 3542 Pon·
1795 3448 1798 3453 ’

189 3572 340 3660 tificem
380 3576 667 3672 amoeniores,
707 3566 829 3655 sacras
872 3586 1005 3655 tamen
1033 3565 1164 3655 Musas
1198 3595 1280 3656 non
1328 3570 1544 3684 vulgariter
1583 3596 1706 3659 exco-

189 3686 323 3779 luisse.

321 3808 401 3895 Sed
449 3808 526 3891 hacc
565 3804 697 3915 paullo
739 3805 987 3919 generaliora
1031 3806 1320 3902 videbuntur.
1361 3808 1467 3899 Illud
1497 3839 1585 3900 meo
1612 3817 1708 3930 qui·-

192 3926 284 4014 dem
316 3923 469 4011 iudicio
494 3924 660 4008 conficit
691 3924 836 4008 menda
861 3920 913 4006 de
943 3929 1081 4035 quibus
1110 3935 1258 4039 agimus
1291 3936 1332 4014 in
1356 3928 1536 4017 librarios
1563 3961 1608 4019 ac
1638 3953 1706 4044 ry-

191 4044 374 4155 potbetas
402 4035 618 4125 reiicienda
648 4031 767 4138 elle,
807 4035 1033 4151 quodcum
1064 4042 1104 4123 in
1135 4044 1428 4151 Epigrammate
1467 4049 1516 4130 dr
1550 4051 1705 4141 scantin

189 4164 305 4248 Proto
334 4162 373 4240 &
398 4160 608 4267 Hyacinthe
636 4176 781 4268 quarto
801 4152 891 4240 loco
913 4152 935 4237 l
957 4158 1066 4242 nobis
1091 4154 1293 4256 adducto,
1317 4157 1427 4270 prior
1453 4185 1703 4277 pars,quam

187 4277 449 4388 archetypam
474 4270 669 4374 diximus,
706 4270 808 4359 nihil
843 4269 998 4383 prorsus
1040 4272 1341 4386 reprelrensroue
1369 4274 1538 4390 dignum
1566 4283 1705 4369 conti·

681 4450 684 4455 -
1013 4392 1055 4474 H
1580 4420 1698 4491 neat-t

232 4598 303 4696 [o]
327 4604 364 4671 In
388 4602 519 4696 Hymno
535 4609 582 4672 De
601 4602 657 4676 Sd·
679 4607 802 4675 XVIII·
820 4606 916 4673 Mais.
977 4606 1119 4688 enrrlgnnr
1142 4604 1219 4692 Png.
1241 4620 1294 4684 4²·
1319 4601 1450 4670 ”Porro
1468 4596 1704 4679 tiberinorum

188 4702 242 4767 Ca
257 4702 460 4784 irorrgrtstanir
479 4701 598 4783 sarept.
623 4719 677 4777 4¹·
975 4738 1002 4773 „
1028 4691 1059 4759 in
1093 4692 1226 4760 exilium
1255 4695 1421 4762 duceretur
1443 4692 1611 4761 Damasum
1643 4705 1704 4767 ele-

232 4700 283 4876 ά]
306 4793 354 4856 De
368 4796 455 4858 Viris
484 4792 667 4875 illustribus·
692 4796 714 4828 ’'
738 4782 909 4866 Damalis,
966 4792 1114 4869 gantlrin
1134 4806 1262 4872 veroque
1283 4793 1390 4872 lingua
1405 4788 1585 4872 scientim:
1604 4799 1647 4854 :”
1669 4788 1703 4861 1'11

186 4887 290 4966 inquit
307 4925 319 4959 ,
339 4889 362 4921 ’³
385 4880 505 4965 elegans
526 4876 556 4941 in
572 4872 909 4961 verfibuscomponen-
968 4918 994 4957 ,‚
1020 4878 1109 4944 Vrbe
1121 4874 1284 4945 Vicariunr
1304 4874 1494 4963 dereliquit.

87 5040 93 5051 ,
185 4980 210 5015 ’³
231 4969 281 5036 dra
298 4968 455 5057 ingenium
480 4967 604 5035 babuit.
1014 4968 1064 5043 [d]
1088 4966 1197 5035 Horat.
1219 4974 1289 5037 Lib·
1303 4973 1359 5037 ΙΙΙ.
1372 4973 1430 5033 Od·
1444 4973 1539 5039 VIII·
1561 4975 1602 5038 nd
1618 4976 1703 5061 Maeq'

228 5053 274 5151 [c]
297 5070 375 5132 Ana
399 5065 521 5149 Donnnss
540 5084 578 5129 err
599 5067 674 5132 Ms.
697 5066 768 5133 Cod·
782 5063 908 5147 henin.
971 5080 1099 5129 renotem
1122 5065 1241 5145 Stroph.
1266 5064 1307 5127 ll.

176 5157 356 5225 canonicor·
385 5160 420 5227 S·
443 5158 531 5225 Petri
562 5158 710 5229 entare.
742 5157 910 5229 Sarnavnio
1062 5155 1154 5220 Dant
1169 5156 1316 5237 sitnnncs
1340 5157 1497 5243 variosque
1518 5159 1652 5242 lrngnn.
